2828 4912
320 288 365 369 74
717 311 769 362 nn
789 307 970 362 nournn.

128 504 224 555 onor.
239 505 276 556 ιι.
369 481 403 546 8.
432 473 471 546 Si
488 472 682 548 invisione
700 474 841 549 directa
863 475 991 549 datum
1009 473 1056 548 sit
1072 483 1252 571 punctum
1273 495 1342 546 eva

134 585 277 686 ss
318 587 527 677 nescentiae,
545 587 691 663 dabitur
709 589 820 663 etiam
832 588 934 662 locus
948 611 1127 685 apparens
1140 587 1275 683 objecti
1286 587 1342 660 visi

105 721 179 830 ἰΙῐιξοιιιι
317 725 384 798 per
402 701 586 798 dioptrum
601 701 776 798 sphaerice
795 725 1006 775 concavum.

105 788 293 910 diffiido,
370 816 425 890 Sit
455 817 509 910 (in
535 818 654 911 figura
678 816 821 912 quinta)
850 815 1036 913 dioptrum
1062 813 1239 911 sphaerico
1267 835 1341 886 con-

105 917 286 964 ¹³⁰⁶⁰⁰¹¹⁰⁸V¹²
319 953 449 1002 cavum
482 930 570 1016 AB,
600 941 767 1002 centrum
798 929 927 1002 retinae
958 931 999 1018 Ο,
1034 929 1220 1024 objectum
1254 925 1340 1000 DE:

317 1054 567 1140 punctumque
585 1044 618 1117 D
637 1042 684 1116 sit
697 1043 735 1116 in
748 1067 815 1116 axe
830 1043 952 1140 optico
971 1042 1040 1115 CF
1056 1053 1203 1114 secante
1216 1053 1342 1113 utram·

318 1180 389 1253 que
408 1155 543 1252 dioptri
561 1157 788 1252 superficiem
802 1153 1151 1252 perpendiculariter
1163 1153 1202 1225 in
1221 1153 1258 1226 H
1271 1153 1340 1224 etl:

317 1269 435 1366 sitque
452 1278 631 1365 punctum
648 1269 677 1340 F
693 1279 871 1365 punctum
888 1265 1153 1342 evanescentiae
1163 1265 1203 1338 in
1214 1263 1342 1338 visione

316 1381 467 1456 directa.
519 1382 684 1455 Ducatur
708 1381 832 1456 radius
856 1382 941 1472 EG,
969 1380 1032 1476 qui
1052 1381 1160 1476 juxta
1178 1379 1279 1474 leges
1294 1401 1343 1450 ro

315 1493 504 1568 fractionis
526 1493 748 1590 refringatur
765 1494 813 1568 ad
831 1497 864 1568 K
883 1506 921 1568 et
938 1493 1023 1566 inde
1044 1492 1092 1566 ad
1118 1490 1161 1564 C.
1215 1489 1343 1564 Produ-

316 1617 422 1682 catur
434 1607 582 1681 visualis
601 1609 673 1682 CK
692 1608 808 1682 donec
823 1621 993 1682 occurrat
1007 1607 1151 1703 objecto
1165 1605 1243 1679 DE
1262 1604 1342 1692 inL,

315 1732 354 1793 et
383 1731 494 1794 rectae
523 1723 598 1795 DL
627 1733 791 1795 sumatur
816 1721 990 1818 parallelo
1016 1732 1053 1793 et
1080 1718 1230 1816 aequalis
1259 1717 1342 1790 CM.

315 1834 480 1908 Ducatur
497 1833 629 1908 deinde
647 1835 688 1907 M
701 1835 739 1920 F,
763 1859 845 1931 quae
864 1845 963 1908 secet
979 1832 1154 1907 visualem
1173 1833 1203 1905 C
1215 1833 1249 1904 K
1267 1855 1342 1928 pro-

314 1947 462 2022 ductam
482 1946 520 2020 in
538 1945 585 2022 N.
639 1948 811 2022 Sumatur
827 1971 954 2021 rursus
972 1945 1162 2043 quodlibet
1174 1945 1276 2020 aliud
1287 1945 1342 2018 ob-

311 2059 402 2156 jecti
418 2069 596 2156 punctum
618 2061 662 2151 0,
689 2083 802 2157 aquo
820 2059 944 2134 radius
969 2060 1042 2133 ΟΡ
1067 2059 1291 2154 refringatur
1302 2057 1342 2130 ad

316 2173 363 2263 D,
391 2182 428 2245 et
452 2195 576 2245 rursus
602 2172 650 2246 ad
675 2173 715 2262 Ο,
742 2184 780 2246 et
804 2173 985 2271 producta
1010 2171 1059 2246 sit
1082 2170 1231 2246 visualis
1258 2171 1342 2258 CO,

315 2287 432 2360 donec
450 2297 619 2358 occurrat
636 2286 780 2382 objecto
801 2287 876 2360 DE
894 2285 932 2359 in
950 2287 994 2359 R.
1046 2284 1189 2361 Deinde
1206 2297 1343 2381 sumpta

316 2399 346 2472 C
361 2399 385 2472 S
403 2398 535 2496 aequali
548 2411 658 2473 rectae
674 2400 708 2473 D
721 2399 765 2491 R,
780 2399 936 2474 ducatur
955 2399 1020 2474 SE
1036 2423 1164 2474 secans
1175 2399 1342 2472 visualem

315 2511 390 2586 CR
404 2511 441 2585 in
458 2513 500 2587 T.
553 2513 674 2588 Docta
686 2514 834 2588 demum
852 2513 930 2588 NT
944 2524 981 2588 et
993 2513 1174 2610 producta
1184 2513 1233 2586 ad
1246 2535 1343 2586 axem

313 2623 352 2698 in
370 2625 413 2715 V,
432 2624 515 2699 dico
533 2637 710 2723 punctum
727 2625 757 2700 E
776 2626 1028 2724 appariturum
1045 2625 1082 2700 in
1101 2623 1150 2716 N,
1172 2635 1342 2722 punctum

314 2739 346 2813 0
364 2737 403 2810 in
419 2738 463 2829 T,
481 2749 518 2811 et
536 2749 655 2813 totum
673 2739 858 2835 objectum
875 2739 950 2812 DE
968 2738 1006 2812 in
1025 2738 1115 2812 NV.

364 2852 460 2926 Nam
474 2851 503 2924 si
522 2851 596 2924 DL
613 2862 709 2926 esset
719 2851 905 2949 objectum
915 2851 1034 2926 visum
1044 2851 1183 2926 visione
1199 2850 1341 2938 directa,

313 2975 509 3062 appareret
519 2964 658 3038 inVN.
696 2964 1342 3062 SupponiturenimFessepunctum

313 3077 590 3167 evanescentiae,
604 3087 641 3150 et
657 3078 744 3168 DL,
763 3078 845 3150 MC
863 3101 941 3150 esse
956 3077 1127 3174 aequalia3
1147 3089 1184 3152 et
1197 3077 1342 3176 proinde

312 3203 491 3286 punctum
508 3190 538 3263 L
554 3188 740 3264 videretur
753 3190 791 3264 in
810 3190 857 3280 N,
877 3201 914 3265 et
930 3201 1107 3288 punctum
1122 3191 1156 3265 D
1169 3191 1207 3264 in
1225 3215 1292 3265 axe
1302 3187 1342 3262 od

312 3315 491 3399 punctum
507 3301 551 3374 V.
605 3301 678 3376 Sed
694 3304 770 3378 DE
786 3303 905 3378 visum
922 3327 988 3400 per
1005 3303 1192 3400 dioptrum
1205 3304 1342 3378 videtur

313 3415 381 3488 sub
399 3415 527 3488 codem
549 3415 683 3512 angulo
708 3417 854 3506 visorio,
881 3419 948 3492 sub
966 3442 1039 3516 quo
1057 3417 1192 3514 angulo
1206 3417 1342 3492 videtur

312 3529 389 3602 DL
405 3531 540 3625 absque
559 3529 716 3626 dioptro,
742 3542 780 3604 et
806 3544 893 3605 sunt
917 3533 1064 3628 objecta
1092 3531 1180 3620 DE,
1212 3531 1286 3606 DL
1309 3527 1340 3600 in

313 3643 442 3716 eadem
460 3645 505 3718 ab
523 3643 629 3716 oculo
645 3643 839 3732 distantia;
856 3645 1002 3719 videtur
1015 3645 1141 3742 itaque
1158 3645 1245 3735 DE,
1263 3641 1339 3726 DL

311 3754 467 3830 alterum
501 3779 567 3852 per
597 3756 794 3854 dioptrum,
834 3757 993 3832 alterum
1026 3757 1104 3831 sine
1135 3756 1279 3855 dioptro
1307 3753 1338 3826 in

311 3868 440 3942 eodem
458 3869 549 3944 loco.
603 3869 674 3943 Sed
693 3870 770 3944 sinc
788 3869 933 3968 dioptro
947 3869 1092 3945 videtur
1109 3872 1185 3944 DL
1201 3870 1238 3944 in
1249 3869 1280 3942 V
1291 3865 1336 3948 N3

312 4005 399 4079 ergo
430 3982 541 4056 etiam
569 3981 608 4054 in
633 3983 712 4055 VN
735 3983 920 4058 videbitur
950 3983 1026 4058 DE
1056 4007 1123 4080 per
1153 3983 1336 4081 dioptrum.

311 4094 450 4169 Eadem
475 4095 756 4171 ratiocinatione
779 4097 984 4172 ostenditur
1009 4096 1088 4171 DO
1114 4117 1283 4195 apparere
1303 4091 1335 4164 in

312 4207 407 4294 VT;
434 4233 518 4284 nom
550 4209 616 4282 OS
647 4209 806 4284 sumitur
831 4210 980 4306 aequalis
1002 4220 1115 4286 rectae
1141 4211 1229 4299 DE,
1251 4203 1335 4280 exio
