2918 4912
285 261 358 362 300
672 309 889 362 nrnnnras,

90 511 187 562 sacr,
201 511 255 562 111,
284 500 387 568 uera,
399 474 614 550 illuminans
624 501 762 550 omnem
775 475 952 550 hominem
962 473 1165 548 uenientem
1178 474 1218 548 in
1230 473 1328 548 hunc

100 590 244 695 *ᾗ*
284 590 467 665 mundum.
519 591 614 666 Quae
645 591 779 682 omnia,
810 591 1074 687 descriptiones
1104 602 1192 663 sunt
1213 601 1329 664 reetae

285 705 452 795 rationis,
471 706 575 802 cujus
592 705 793 779 dictamina
808 704 909 801 leges
933 729 1013 778 esse
1037 703 1225 779 naturales
1241 715 1330 778 ante

286 829 474 894 ostensum
490 829 557 893 cst.

90 942 215 1000 sud-ro
336 940 372 1005 3.
399 930 511 1007 Quod
527 941 651 1004 autem
667 954 723 1022 ea,
741 954 852 1028 quam
873 931 1062 1028 posuimus
1088 955 1157 1028 pro
1183 947 1331 1004 naturae

88 1005 255 1116 “emindii
285 1044 642 1142 legefundumentali
642 1044 1031 1142 ,nempequaerendam
1042 1069 1274 1140 essepacem,
1281 1045 1331 1118 sit

89 1216 120 1260 q,
89 1137 276 1260 ffissm
287 1159 400 1232 etiam
415 1182 559 1234 summa
574 1158 666 1254 legis
686 1157 832 1248 divinae,
843 1183 889 1232 ex
904 1160 963 1232 his
978 1159 1069 1234 locis
1090 1159 1330 1232 manifestum

288 1273 372 1347 erit.
398 1272 543 1346 Rom.''
519 1273 571 1345 ni.
594 1276 661 1356 17:
687 1271 850 1345 Jnrtitia
868 1272 967 1370 (quae
984 1283 1040 1346 est
1056 1271 1332 1368 summalegis,)
1443 1341 1444 1350 ,

287 1397 440 1462 vocatur
456 1387 520 1460 viu
536 1385 591 1459 ad
599 1408 746 1484 pacem.
798 1386 891 1461 Psal.
906 1387 1043 1460 lxxxiv.
1065 1394 1108 1460 11
1124 1415 1140 1471 ,·
1165 1385 1331 1458 Justitia

288 1512 326 1575 et
338 1526 419 1599 pua
437 1499 618 1574 osculatae
631 1509 729 1574 sunt.
766 1499 901 1574 Matth.
914 1526 948 1574 v.
963 1509 1004 1574 9:
1030 1500 1152 1574 Beati
1155 1497 1332 1598 pacifici,

289 1614 379 1712 quia
396 1613 482 1708 filii
498 1613 576 1686 Dei
592 1610 833 1686 vocabuntur.
887 1614 936 1688 Et
960 1623 1157 1710 postquam
1182 1621 1333 1686 sanctus

289 1727 421 1803 Paulus
448 1726 496 1800 ad
517 1726 634 1799 Hebr.
662 1751 743 1823 cap.
764 1727 813 1800 vi.
839 1750 949 1800 versu
975 1726 1119 1817 ultimo,
1139 1725 1333 1799 Christum

292 1840 399 1937 (legis
433 1840 480 1914 de
510 1864 584 1938 qua
613 1840 749 1937 agitur,
764 1839 1028 1936 legislatorem)
1062 1841 1207 1915 dixerat
1241 1865 1334 1931 esse,

288 1953 487 2027 secundum
521 1951 689 2026 ordinem
723 1950 1004 2026 Melchisedech
1032 1953 1255 2050 pontificem
1294 1953 1334 2027 in

276 2076 493 2151 ·aternum,·
518 2065 623 2139 addit
641 2066 761 2162 capite
778 2066 959 2164 sequenti,
975 2090 1085 2140 versu
1101 2067 1234 2163 primo,
1252 2067 1299 2139 H
1298 2067 1335 2140 ic

289 2177 571 2253 Melchisedech
589 2188 674 2252 erut
697 2205 767 2253 reu
784 2178 922 2269 Salem,
939 2179 1121 2253 sacerdos
1137 2180 1219 2254 Dei
1234 2173 1334 2253 sum'·

290 2292 352 2383 mi,
370 2302 442 2366 etc.
492 2293 596 2366 Vera.
615 2302 660 2366 2:
687 2292 853 2365 Primam
880 2291 1029 2389 quidem
1057 2293 1124 2389 qui
1141 2293 1335 2392 interpre-

292 2414 397 2479 tatur
423 2429 494 2479 rea
507 2405 673 2502 justitie
685 2433 702 2490 ;
728 2405 865 2479 deinde
888 2413 1013 2478 autem
1042 2415 1080 2478 et
1104 2429 1174 2480 rea
1193 2407 1335 2494 Salem,

292 2518 395 2618 quod
418 2527 478 2594 est
505 2543 574 2592 reu
595 2517 724 2617 pacis.
776 2519 833 2591 Ex
860 2542 932 2616 quo
961 2531 1119 2610 constat,
1141 2519 1335 2593 Christum

290 2657 419 2731 regem
436 2631 476 2705 in
492 2655 607 2730 regno
631 2656 697 2705 suo
706 2632 901 2730 justitium
918 2657 1004 2706 cum
1023 2658 1127 2730 pace
1144 2634 1334 2726 colligare.

292 2746 386 2820 Psal.
404 2745 530 2819 xxxiii.
553 2754 619 2819 15:
646 2745 807 2818 Diserte
834 2771 859 2818 a
882 2746 991 2836 malo,
1017 2757 1056 2820 et
1067 2746 1150 2842 sac
1176 2745 1336 2830 honum
1446 2821 1447 2836 ,

292 2859 443 2958 inquire
452 2883 601 2957 pacem,
615 2868 654 2932 et
667 2883 899 2957 persequere
912 2884 1004 2933 earn.
1045 2859 1150 2933 Isaiae
1167 2860 1218 2934 ix.
1236 2869 1274 2951 6,
1294 2865 1337 2945 7:

291 2970 482 3046 Paruulus
498 2971 595 3045 enim
615 2982 673 3046 est
697 2982 810 3046 nutus
827 2972 946 3065 nohis,
964 2983 1001 3045 et
1011 2972 1126 3067 filius
1143 2972 1260 3046 datus
1277 2984 1337 3048 est

292 3084 426 3168 nediu
452 3085 635 3180 etfactus
658 3095 716 3158 est
739 3085 989 3183 principatus
1012 3111 1129 3183 super
1145 3086 1337 3160 humerum

292 3198 386 3294 ejus,
397 3205 436 3270 et
448 3197 642 3272 uocabitur
656 3223 783 3271 nornen
802 3199 895 3294 ejus,
909 3197 1162 3290 admirabilis,
1180 3199 1338 3274 consili-

293 3309 413 3400 arius,
431 3310 537 3386 Deus
549 3311 692 3407 sortis,
713 3321 834 3410 pater
846 3311 983 3408 saturi
1004 3309 1134 3402 seculi,
1150 3313 1337 3411 princeps

290 3423 414 3523 pacis.
466 3424 550 3498 lsai.
578 3424 629 3502 lii.
662 3428 711 3508 7:
742 3425 860 3511 Quane
880 3424 1036 3523 pulchri
1052 3450 1169 3523 super
1194 3436 1337 3500 montes

287 3537 411 3638 pedes
422 3537 676 3637 predicantis
693 3548 731 3611 et
749 3539 1014 3613 annunciantis
1027 3565 1174 3638 pacem,
1193 3565 1338 3614 annun-

295 3651 434 3725 ciantis
452 3649 593 3742 bonurn,
600 3650 855 3751 predicantis
873 3649 1044 3739 sulutem,
1056 3653 1219 3726 dicentis
1231 3654 1338 3742 Sion,

184 3847 187 3854 ‚
294 3763 473 3863 reguabit
500 3763 606 3838 Deus
630 3776 726 3838 tuus.
779 3765 867 3838 Luc.
896 3764 933 3838 ii.
967 3773 1033 3838 14:
1074 3765 1114 3839 in
1140 3767 1338 3841 nativitate

295 3877 436 3953 Christi
447 3902 520 3951 vox
536 3877 766 3952 laudantium
777 3879 896 3952 Deum
908 3889 946 3952 et
965 3879 1178 3969 dicentium,
1197 3880 1338 3954 Gloria

294 3990 378 4064 Deo
397 3991 434 4064 in
453 3989 665 4081 altissimis,
684 3992 774 4064 etin
793 4001 900 4065 terra
913 4018 997 4090 pue
1014 3992 1222 4066 hominihus
1236 3993 1339 4070 horre

295 4103 511 4178 uoluntatis.
561 4106 610 4180 Et
636 4105 719 4179 lsai.
739 4106 804 4180 liii.
837 4115 880 4179 5:
909 4118 1065 4181 vocatur
1080 4107 1336 4204 Evangelium,

295 4215 503 4315 disciplina
517 4218 642 4316 pacis.
670 4219 753 4292 lsai.
773 4220 835 4293 lix.
856 4230 902 4293 8:
929 4231 1082 4295 vocatur
1086 4221 1260 4318 justitia,
1278 4221 1340 4296 via
