2912 4912
319 231 390 327 108
707 279 761 330 na
782 278 963 330 nomme.

127 475 223 598 saepi
242 475 284 524 11.
317 444 495 518 dentium.
547 446 644 518 Nam
666 446 697 518 si
719 447 800 542 quis
818 446 957 519 dictum
973 446 1121 543 aliquod
1139 445 1288 536 dixerit,
1302 448 1358 520 vel

127 691 195 737 mus
204 697 226 736 et
235 693 305 736 fletus.
317 696 476 769 pronum
493 671 527 744 ei
544 682 600 744 est
625 671 756 744 ridere.
809 672 902 744 Item
927 672 958 744 si
983 671 1075 745 alius
1101 672 1237 746 dixerit
1261 673 1357 746 fece-

318 784 411 857 ritve
428 784 565 881 aliquid
589 784 772 875 indecore,
799 787 946 880 quicum
969 809 1007 858 se
1024 810 1242 881 comparans
1259 811 1358 859 com-

135 620 277 656 ,Ψό
317 558 456 632 factum
479 557 628 655 aliquod
649 559 849 655 egregium,
875 570 917 632 ut
942 560 1012 632 sibi
1034 559 1191 650 videtur,
1216 558 1357 650 fecerit,
1434 583 1435 588 ’

319 897 524 970 mendatior
541 897 610 970 sibi
623 899 665 970 fit
683 922 792 994 quam
809 909 906 988 ante,
923 899 985 970 vix
997 900 1136 994 poterit
1149 923 1230 972 sese
1248 924 1272 972 a
1284 901 1358 972 risu
1435 919 1436 940 ¹

319 1011 515 1084 abstinere.
550 1012 599 1083 Et
610 1010 865 1102 universaliter
878 1011 999 1107 passio
1010 1010 1221 1102 ridentium,
1234 1027 1292 1086 est
1304 1013 1357 1085 sui

320 1123 389 1196 sibi
415 1147 461 1196 ex
486 1123 660 1196 indecoro
686 1123 805 1196 abeno
824 1123 943 1196 subita
960 1124 1242 1198 commendatio.
1296 1125 1357 1198 Ri-

320 1235 428 1309 detur
450 1260 538 1332 ergo
563 1235 654 1308 nihil
678 1234 755 1308 fere
781 1235 851 1308 nisi
876 1237 1058 1321 subitum;
1084 1261 1204 1331 neque
1231 1237 1359 1310 eadem

319 1373 378 1422 res
405 1373 522 1445 neque
552 1349 663 1422 iidem
686 1350 762 1444 joci
791 1349 923 1446 saepius
950 1349 1117 1423 ridentur
1143 1352 1188 1423 ab
1216 1351 1358 1424 iisdem.

320 1462 533 1536 Amicorum
562 1473 686 1534 autem
714 1462 773 1534 vel
798 1462 1155 1558 consanguineorum
1184 1464 1361 1538 indecora

320 1601 395 1649 non
416 1575 594 1659 ridentur,
619 1576 705 1671 quia
729 1600 803 1648 non
829 1586 916 1648 sunt
940 1575 1070 1648 aliena.
1124 1577 1218 1651 Quae
1246 1577 1361 1650 risum

321 1713 409 1785 ergo
427 1701 575 1761 movent
593 1688 666 1760 tria
686 1699 771 1760 sunt
795 1688 1013 1782 conjuncta;
1040 1688 1271 1779 indecorum,
1298 1691 1361 1764 ali-
1437 1777 1438 1808 1

321 1827 442 1891 enum,
457 1813 494 1874 et
511 1802 683 1874 subitum.

371 1914 555 1987 Flentium
581 1915 702 2010 passio
730 1925 861 1986 contra
877 1924 945 2002 est,
965 1913 1112 2008 quando
1130 1915 1212 2010 quis
1231 1916 1279 1987 ab
1298 1915 1361 1986 ali-

322 2052 395 2124 qua
421 2028 629 2101 vehementi
659 2052 723 2122 spe
754 2026 875 2101 subito
902 2051 941 2099 se
971 2026 1154 2122 dejectum
1185 2028 1360 2124 concipit.

323 2143 452 2238 ltaque
470 2165 534 2236 spe
551 2140 692 2214 dilatati
709 2141 858 2237 spiritus
872 2141 1058 2229 animaleS,
1072 2141 1193 2214 subito
1211 2141 1361 2214 fallente
1438 2225 1439 2234 ἵ

323 2279 387 2351 spe
404 2254 597 2344 contracti,
616 2254 794 2351 impetum
817 2255 855 2326 in
879 2279 1018 2350 organa
1040 2254 1257 2327 lacrimandi
1274 2252 1362 2326 faci-

323 2379 438 2458 enteS,
465 2368 669 2456 humorem,
697 2366 825 2463 quiin
854 2366 925 2439 illis
948 2377 1015 2456 est,
1044 2366 1084 2438 in
1107 2367 1234 2440 oculos
1263 2366 1363 2462 cogit

322 2481 539 2555 redundare.
592 2481 793 2554 Plurimum
820 2492 859 2552 et
886 2480 1018 2577 saepius
1046 2481 1148 2569 flent,
1167 2481 1231 2576 qui
1260 2503 1363 2576 spem

323 2595 361 2667 in
391 2619 428 2668 se
458 2595 657 2683 minimam,
684 2594 722 2665 in
756 2592 882 2666 amicis
915 2593 1110 2689 plurimam
1143 2592 1295 2682 habent,
1323 2604 1364 2665 ut
1439 2667 1440 2674 χ

323 2708 469 2781 feminae
487 2719 526 2780 et
542 2706 712 2780 infantes.
765 2705 966 2778 Plurimum
983 2704 1116 2794 rident,
1135 2706 1199 2800 qui
1216 2730 1240 2778 a
1255 2705 1362 2778 factis

324 2822 397 2896 suis
414 2820 655 2895 laudabilibus
668 2818 898 2916 paucissima,
916 2818 962 2890 ab
986 2818 1142 2890 aliorum
1159 2817 1267 2892 factis
1286 2831 1363 2892 tur-

324 2936 431 3032 pibus
461 2934 606 3008 virtutis
637 2958 712 3006 suae
739 2932 898 3027 plurima
924 2943 1143 3026 argumenta
1170 2931 1362 3028 colligunt.

325 3049 431 3123 Flent
449 3071 595 3144 quoque
612 3046 810 3142 aliquando
826 3057 909 3142 post
932 3045 1004 3116 iras
1022 3043 1132 3116 amici
1148 3043 1187 3115 in
1204 3045 1364 3140 gratiam

324 3161 531 3234 redeuntes
582 3161 650 3232 Est
677 3159 775 3231 enim
797 3157 929 3230 reditio
947 3156 986 3229 in
1003 3156 1161 3252 gratiam
1179 3156 1365 3230 tendentis

326 3274 374 3346 ad
389 3274 589 3347 vindictam
606 3271 727 3345 subita
743 3270 856 3343 animi
872 3268 1027 3366 repulsa.
1080 3268 1186 3340 Flent
1203 3292 1307 3366 ergo,
1324 3280 1367 3342 ut

326 3388 431 3484 pueri
444 3388 562 3461 inulti.

151 3507 301 3616 effi
378 3509 413 3573 8.
439 3501 566 3589 Amor,
583 3500 614 3573 si
631 3499 851 3596 conspicuus
870 3496 930 3585 sit,
948 3497 986 3567 in
1012 3505 1066 3568 tot
1084 3496 1274 3592 passiones
1289 3496 1365 3570 fere

149 3585 177 3614 ε’
327 3613 512 3703 dividitur,
527 3629 618 3709 quot
644 3624 730 3686 sunt
748 3610 881 3685 amoris
899 3610 1055 3704 objecta.
1108 3609 1161 3683 Ut
1183 3633 1288 3684 amor
1302 3635 1365 3707 pe-

327 3727 458 3815 cuniae,
483 3751 585 3799 amor
607 3725 796 3822 potentiae,
811 3746 914 3795 amor
932 3721 1109 3812 scientiae,
1128 3733 1200 3796 etc.
1252 3724 1366 3798 Amor

325 3839 504 3937 pecuniae,
521 3839 553 3912 si
569 3837 719 3911 modum
737 3835 904 3924 excedat,
917 3834 1072 3907 avaritia
1086 3867 1096 3918 ;
1114 3856 1218 3909 amor
1235 3848 1364 3932 poten-

327 3954 389 4027 tiae
406 3953 533 4043 civilis,
551 3952 582 4025 si
604 3950 868 4025 immoderatus
893 3948 954 4034 sit,
972 3947 1124 4022 ambitio
1140 3950 1363 4024 nominatur.

326 4068 545 4142 Perturbant
562 4065 660 4138 enim
677 4076 715 4138 et
726 4073 941 4160 pervertunt
956 4060 1130 4134 animum.

376 4182 490 4255 Amor
509 4189 644 4267 autem,
662 4200 735 4272 quo
762 4175 874 4249 homo
891 4172 1078 4246 hominem
1096 4184 1209 4263 amat,
1230 4173 1363 4270 duplici
