2912 4912
292 295 359 359 112
710 310 764 362 nn
784 311 966 363 boumn.

97 507 193 558 seco,
209 509 246 558 n.
287 498 414 548 eorum
431 476 495 571 qui
512 473 703 573 inceptum
721 501 927 550 sermonem
943 477 1049 550 fini-re
1066 500 1141 550 non
1157 487 1331 572 possunt,

104 587 247 690 ,ζῇ
286 589 436 663 abducti
447 591 966 688 cogitationibusaproposito
979 590 1119 663 alienis.
1157 589 1331 662 Tarditas

287 714 430 793 contra,
454 703 485 776 si
514 704 666 776 modum
695 703 860 792 excedat,
879 703 1014 776 desinit
1038 703 1077 775 in
1099 703 1211 775 aliam
1238 703 1331 775 stul-

286 815 379 889 titiae
396 816 566 911 speciem,
585 817 649 912 qui
665 826 721 889 est
738 827 878 913 stupor.

339 929 450 1004 Quod
475 929 609 1003 dicitur
624 929 747 1025 vulg0,
765 953 868 1003 senes
893 929 1041 1025 ingenio
1067 951 1146 1000 esse
1172 926 1221 999 ad
1239 927 1333 1000 divi-

287 1041 357 1115 tias
381 1042 489 1114 nimis
506 1052 663 1132 attento,
680 1066 809 1115 verum
825 1066 902 1115 non
920 1053 987 1114 est.
1039 1041 1138 1113 Nam
1154 1040 1256 1136 quod
1274 1063 1332 1112 se-

287 1178 377 1226 num
393 1178 621 1252 magnapars
635 1155 790 1242 divitias,
804 1155 935 1250 quibus
952 1153 1102 1227 minime
1112 1153 1217 1225 usuri
1230 1166 1331 1243 sunt,

288 1291 459 1340 acervare
477 1267 608 1356 solent,
620 1292 696 1340 non
706 1267 746 1340 id
757 1267 897 1340 faciunt
910 1291 956 1339 ex
968 1267 1117 1362 ingenio
1132 1265 1249 1355 senili,
1265 1265 1332 1338 sed

289 1404 334 1452 ex
362 1379 484 1453 studio
512 1390 712 1476 perpetuo;
738 1403 825 1452 nam
852 1390 939 1452 ante
969 1389 1196 1452 senectutem
1230 1378 1332 1451 idem

288 1503 367 1566 erat
384 1492 558 1580 studium,
572 1516 703 1587 nempe
720 1504 775 1581 ut,
794 1492 1019 1587 experiundo
1042 1514 1233 1588 quousque
1244 1515 1333 1588 pru·

289 1606 414 1680 dentia
431 1616 551 1678 suaet
567 1604 715 1700 ingenio
733 1606 771 1677 in
788 1599 1020 1701 acquirendis
1046 1604 1182 1678 divitiis
1199 1628 1332 1701 proce-

289 1719 376 1792 dere
393 1730 560 1815 possunt,
579 1718 725 1791 sibimet
741 1719 830 1814 ipsis
843 1728 992 1814 possent
1009 1717 1244 1815 applaudere,
1261 1741 1332 1791 nec

289 1843 330 1905 ut
350 1832 487 1904 divitiis
503 1831 587 1921 illis,
606 1830 671 1903 sed
687 1831 885 1926 prudentia
901 1855 968 1904 sua
984 1831 1058 1903 frui
1073 1842 1239 1928 possent,
1259 1856 1334 1928 qua

287 1949 368 2021 illas
398 1956 673 2043 congesserunt.
725 1946 855 2040 Neque
880 1946 952 2018 hoc
977 1945 1111 2017 mirum
1132 1944 1253 2016 videri
1271 1945 1334 2016 de·

287 2063 372 2146 bet;
390 2085 477 2134 nam
490 2070 529 2132 et
546 2059 609 2155 qui
621 2059 736 2132 literis
755 2057 915 2146 student,
928 2069 1067 2154 quanto
1085 2066 1194 2130 aetate
1213 2059 1333 2153 magis

288 2173 540 2270 provehuntur
569 2182 674 2244 tanto
700 2173 816 2268 magis
844 2172 1036 2244 scientiam
1066 2194 1202 2266 augere
1232 2170 1334 2243 soliti

289 2296 387 2375 sunt,
401 2297 608 2382 spectantes
624 2285 737 2358 animi
750 2286 806 2357 sui
818 2284 993 2357 virtutem
1010 2285 1050 2355 in
1067 2282 1235 2372 scientia,
1248 2293 1333 2356 tan-

290 2423 401 2495 quam
418 2399 456 2471 in
467 2399 627 2495 speculo.
667 2398 835 2495 Denique
853 2423 979 2471 omnes
993 2397 1216 2488 institutum,
1232 2398 1335 2495 quod

289 2512 477 2608 elegerint,
502 2523 545 2585 ut
558 2513 863 2609 jucundissimum
887 2535 1004 2608 usque
1030 2511 1078 2584 ad
1102 2521 1334 2584 senectutem

289 2648 420 2699 ornare
451 2636 490 2697 et
517 2625 683 2698 excolere
710 2624 830 2697 solent
853 2637 1032 2719 quantum
1054 2624 1203 2707 valent3
1231 2624 1334 2698 etin

289 2747 477 2811 senectute
494 2738 665 2827 maxime,
675 2761 751 2811 non
769 2737 855 2832 quia
871 2736 1045 2826 seniores,
1057 2735 1122 2808 sed
1140 2737 1230 2833 quia
1246 2761 1333 2833 pro-

287 2851 455 2925 fecerunt
479 2850 608 2947 magis
627 2874 729 2923 more
753 2873 879 2922 earum
908 2873 1032 2922 rerum
1058 2873 1140 2944 quae
1170 2872 1239 2922 sua
1267 2875 1332 2924 na-

287 2975 373 3037 tura
390 2989 462 3060 quo
477 2964 625 3059 longius
642 2987 686 3036 eo
702 2963 863 3036 velocius
879 2985 1022 3059 semper
1038 2962 1220 3036 feruntur.

254 3103 266 3132 ⁰
340 3087 374 3150 3.
401 3076 435 3149 A
448 3075 731 3150 consuetudine:
752 3087 949 3172 propterea
959 3076 1059 3172 quod
1071 3100 1154 3172 quae
1167 3099 1268 3150 nova
1279 3076 1333 3150 of·

288 3189 457 3280 feudum,
476 3190 515 3263 id
541 3201 608 3279 est,
627 3190 758 3285 quibus
780 3189 819 3261 in
836 3189 1017 3286 principio
1042 3189 1181 3262 resistit
1197 3201 1334 3263 natura

288 3304 460 3394 hominiS,
478 3302 607 3377 eadem
633 3303 764 3399 saepius
789 3302 922 3376 iterata
938 3312 1109 3374 naturam
1128 3301 1331 3397 subigunt;

290 3427 329 3490 et
344 3417 463 3513 primo
475 3415 621 3512 quidem
632 3414 729 3487 ferre
740 3437 790 3505 se,
805 3439 892 3489 mox
906 3425 1028 3488 autem
1039 3437 1162 3487 amare
1180 3427 1330 3511 cogunt.

291 3531 335 3604 Id
352 3530 452 3627 quod
468 3531 507 3603 in
518 3529 695 3626 regimine
713 3529 877 3624 corporis
888 3529 1056 3618 maxime,
1070 3527 1205 3601 deinde
1219 3530 1332 3602 etiam

290 3645 329 3716 in
363 3643 636 3741 operationibus
667 3642 780 3714 animi
801 3642 1032 3738 perspicuum
1067 3653 1136 3718 est.
1199 3642 1332 3739 Itaque

288 3758 376 3831 vino
386 3758 431 3830 ab
446 3755 691 3829 adolescentia
700 3755 846 3844 assueti,
857 3754 957 3827 haud
967 3753 1075 3827 facile
1088 3754 1331 3838 desuescunt;

289 3881 329 3945 et
344 3869 577 3967 opinionibus
594 3868 871 3964 quibuscunque
888 3891 911 3940 a
933 3866 1091 3962 pueritia
1107 3867 1253 3957 imbuti,
1272 3892 1332 3940 eas

289 3985 505 4082 plerumque
528 3982 691 4054 retinent
708 3979 819 4053 etiam
842 3978 880 4050 in
899 3989 1100 4069 senectute,
1126 3981 1333 4074 praesertim

290 4097 455 4172 homines
469 4094 532 4190 qui
548 4118 636 4184 non,
650 4093 721 4166 nisi
733 4093 771 4164 in
789 4093 900 4164 rebus
912 4092 1180 4188 pertinentibus
1194 4093 1332 4166 adrem

290 4211 519 4299 familiarem,
531 4206 577 4281 de
587 4231 674 4281 vero
686 4214 723 4279 et
732 4203 825 4278 falso
836 4227 1059 4301 magnopere
1074 4205 1221 4280 solliciti
1233 4219 1330 4282 sunt.
