2918 4912
286 251 358 319 216
688 269 916 324 mannum.

92 456 188 507 sacr.
202 457 254 509 111.
286 434 385 531 quod
402 435 475 509 duo
494 436 568 510 sint
584 459 721 533 genera
738 436 938 526 civitatum,
956 438 1112 514 alterum
1135 446 1323 534 naturale,

104 535 245 639 Δρ..
285 548 391 644 quale
410 561 465 624 est
485 561 688 648 paternum
706 562 743 623 et
761 551 1018 650 despoticum;
1045 555 1202 628 alterum
1220 558 1324 632 inati-

285 662 448 752 tntinum,
467 663 567 760 quod
583 675 620 736 et
640 662 840 761 politicum
867 665 939 738 dici
954 678 1087 762 potest.
1139 671 1184 742 in
1206 672 1325 767 primo

284 774 450 848 dominun
467 777 623 873 acquirit
636 776 705 850 sibi
722 777 821 849 cinea
839 800 904 850 sua
913 778 1101 853 voluntate
1116 814 1126 865 ;
1152 783 1192 855 in
1209 784 1325 856 altero

285 887 383 960 cinea
401 890 552 963 arbitrio
569 914 635 963 suo
652 890 846 986 imponunt
864 890 1008 964 sibimet
1024 893 1113 989 ipsis
1131 896 1323 988 dominum,

285 1001 361 1074 sive
389 1002 420 1074 is
446 1003 493 1075 sit
521 1027 613 1075 unm
642 1003 757 1090 honio,
776 1003 850 1075 sive
872 1029 963 1076 unco
992 1016 1108 1079 coetca
1132 1009 1325 1083 hominum

285 1137 369 1187 cum
392 1140 525 1188 nummo
549 1114 717 1214 irnperio.
769 1115 941 1189 Dicemus
958 1130 1082 1192 autem
1098 1121 1221 1216 primo
1243 1122 1326 1197 loco

286 1227 332 1301 de
349 1229 502 1303 civitate
519 1228 742 1318 institution,
761 1228 893 1303 deinde
909 1230 956 1304 de
973 1234 1154 1308 naturali.

677 1649 838 1722 CAPUT
862 1650 926 1722 Vl.

284 1809 331 1858 DE
349 1809 438 1858 June
457 1810 551 1873 EJUS,
576 1810 654 1858 SIVE
679 1811 940 1877 coN01L11‚81vn
960 1813 1110 1863 HOMINIS
1140 1813 1247 1862 UNlUS
1266 1813 1325 1870 QUI

419 1911 455 1959 IN
474 1911 639 1960 CIVITATE
658 1912 733 1960 CUM
750 1912 875 1961 SUMMA
893 1913 1093 1962 POTESTATE
1113 1913 1190 1963 EST.

286 2029 312 2084 i·
333 2024 514 2082 Multitudini
537 2033 618 2082 extra
635 2026 777 2084 civitatem
798 2045 855 2084 non
877 2034 971 2102 potest
990 2029 1106 2085 attribui
1129 2027 1178 2105 jus
1201 2028 1325 2104 aliquod,

324 2136 417 2192 neque
432 2119 508 2174 actio
531 2118 634 2194 aliqua,
648 2119 677 2174 in
691 2137 778 2193 qnam
792 2138 849 2176 non
874 2120 1017 2196 sigillatim
1043 2129 1260 2178 consenserunt.
1298 2123 1325 2176 ⁶2.

325 2209 443 2266 Initium
470 2210 592 2266 civitatis
618 2218 661 2266 est
682 2209 731 2286 jus
758 2209 871 2286 majoris
898 2213 1010 2268 numeri
1036 2213 1250 2270 consentientis.
1298 2217 1325 2270 3.

325 2300 569 2377 Unumqnemqu'e
591 2300 640 2377 jus
661 2303 782 2359 retinere
805 2303 973 2378 protegendi
1000 2322 1030 2360 se
1058 2304 1177 2360 arbitrio
1200 2304 1325 2379 proprio,

299 2439 301 2444 .
327 2393 464 2470 quamdiu
488 2393 633 2451 securitati
657 2413 716 2450 suae
730 2412 787 2450 non
811 2394 847 2450 sit
868 2403 1061 2468 prospectum.
1100 2399 1129 2454 l.
1151 2395 1326 2453 Potestatem

297 2549 300 2554 ,
325 2488 483 2544 coactivam
504 2487 691 2544 necessariam
710 2506 769 2544 esse
783 2487 819 2544 ad
837 2488 1026 2544 securitatem.
1067 2491 1095 2546 5.
1116 2487 1194 2551 Quid
1207 2489 1245 2544 sit
1259 2487 1326 2546 Gla-

325 2577 388 2636 dius
401 2578 534 2636 lustitia.
573 2581 602 2638 6.
623 2577 759 2636 Gladium
776 2578 900 2636 Justitiae
915 2597 1001 2652 penes
1015 2597 1081 2635 eum
1095 2597 1155 2635 esse
1176 2581 1227 2654 qui
1241 2580 1327 2637 habet

297 2655 299 2662 ¹
324 2689 467 2727 summum
480 2670 640 2744 imperinm.
680 2671 708 2732 7.
729 2669 865 2728 Gladium
878 2670 944 2727 belli
958 2689 1045 2744 penes
1059 2670 1182 2728 eundem
1195 2691 1268 2730 esse.
1300 2677 1328 2730 8.

297 2758 302 2766 ’
324 2762 440 2820 Judicia
453 2781 540 2838 penes
553 2763 676 2820 eundern
689 2781 758 2820 esse.
799 2768 827 2823 9.
848 2762 1168 2839 Legislationempenes
1199 2764 1324 2822 eundem

325 2873 393 2912 esse.
416 2859 463 2915 10.
491 2854 713 2931 Magistratuum
722 2862 751 2911 et
760 2855 953 2912 ministrorum
967 2854 1089 2911 civitatis
1102 2856 1326 2913 nominationem

324 2953 412 3021 penes
435 2947 557 3004 eundem
578 2965 648 3003 esse.
690 2950 736 3004 11.
755 2945 960 3003 Doctrinarum
984 2943 1224 3003 examinationem
1241 2965 1327 3022 penas

326 3037 449 3094 eundem
462 3056 532 3095 esse.
562 3041 608 3097 19.
630 3037 777 3112 Quicquid
787 3038 811 3094 is
822 3036 922 3094 fecerit
935 3038 1052 3112 impune
1065 3056 1135 3094 esse.
1157 3042 1202 3097 13.
1225 3037 1327 3096 Eidem

326 3130 467 3186 acivibus
489 3130 640 3204 imperinm
660 3130 822 3186 absolutum
836 3147 1002 3186 concessum
1016 3147 1093 3188 esse:
1113 3137 1281 3207 quantaque
1302 3132 1328 3189 ei

327 3220 466 3277 debeatur
479 3220 648 3278 obedientia.
683 3225 729 3280 14.
752 3221 883 3278 Eundem
892 3220 1004 3297 legibus
1019 3221 1142 3278 civitatis
1156 3241 1215 3279 non
1229 3225 1328 3280 teneri.

327 3317 374 3372 15.
395 3311 511 3369 Nemini
523 3313 670 3387 proprium
690 3331 750 3370 esce
769 3313 923 3388 quicquam
943 3320 1043 3370 contra
1065 3313 1145 3368 illum
1160 3314 1209 3389 qni
1224 3315 1328 3372 habeat

301 3455 304 3464 .
326 3408 641 3483 summumimperium.
682 3410 729 3467 16.
750 3407 827 3471 Quid
850 3407 886 3463 ait
908 3403 1025 3472 lurtum,
1039 3405 1235 3474 homicidium,
1249 3407 1328 3464 adul-

301 3565 306 3574 ,
327 3500 431 3558 terium
449 3507 478 3557 et
499 3498 610 3575 injuria,
630 3499 765 3574 cognosci
785 3517 821 3556 ex
838 3497 949 3573 legibus
971 3496 1111 3568 civilibus.
1154 3498 1199 3559 17.
1221 3496 1328 3574 Opinio

328 3610 427 3650 corum
439 3592 489 3669 qui
501 3593 644 3649 civitatem
655 3592 827 3650 constituere
838 3591 952 3655 vellent,
962 3590 1014 3646 ubi
1023 3607 1081 3646 non
1090 3597 1163 3646 esset
1176 3591 1328 3666 quisquam

329 3703 395 3742 cum
421 3685 550 3760 potentia
576 3683 714 3741 absoluta.
756 3686 803 3741 18.
824 3681 908 3739 Notae
935 3682 1047 3756 imperii
1073 3682 1186 3738 summi.
1231 3686 1276 3742 19.
1297 3683 1327 3742 si

328 3775 492 3835 conferatur
502 3777 601 3833 civitas
610 3794 676 3833 cum
687 3776 811 3842 homine,
817 3777 848 3843 is,
857 3775 907 3851 qui
917 3775 1004 3832 habet
1014 3793 1157 3831 summum
1167 3775 1326 3850 imperium,

329 3877 371 3927 est
385 3869 421 3926 ad
434 3870 579 3927 civitatem
601 3869 631 3926 in
650 3887 684 3926 ea
706 3870 825 3935 ratione,
838 3869 867 3925 in
888 3887 946 3944 qua
965 3875 1008 3924 est
1030 3867 1124 3924 anima
1144 3867 1271 3924 humana
1293 3867 1327 3923 ad

327 3961 421 4037 ipsum
434 3961 587 4018 hominem.
627 3963 676 4020 20.
699 3959 848 4018 Summum
862 3960 1013 4035 imperium
1029 3977 1086 4015 non
1099 3977 1183 4035 posse
1191 3957 1260 4035 jure
1273 3959 1327 4016 dis-

328 4053 399 4111 solvi
412 4070 551 4110 consensu
565 4069 674 4119 eornm,
684 4071 806 4128 quornm
816 4051 907 4127 pactis
918 4059 961 4108 est
973 4051 1168 4108 constitutum.

80 4188 265 4266 uuonan...
295 4186 326 4250 l.
364 4174 700 4249 Communium
729 4173 895 4271 inprimis
928 4185 983 4247 est
1015 4173 1095 4272 ipsa
1127 4173 1327 4262 hominum,

80 4259 280 4379 ἕᾶἶᾝῃ
293 4288 503 4364 coeuntium
519 4289 558 4361 in
570 4313 682 4362 unam
699 4287 885 4361 civitatem
902 4309 968 4360 suo
981 4288 1147 4383 ipsorum
1163 4287 1328 4374 arbitrio,
