2912 4912
185 243 254 308 138
503 255 704 307 mussona
724 256 1022 308 camoranam.
1124 271 1131 282 ·

180 458 350 546 titudine,
368 482 531 555 unquam
547 461 792 564 pugnandum
805 484 893 533 esse.
947 461 1056 534 Nunc
1070 461 1170 556 quod
1187 460 1319 532 bellum

178 609 310 706 gladiis
326 611 385 682 vel
402 611 550 684 calamis
566 625 786 708 perpetuum
804 612 872 684 sit:
902 613 1001 706 quod
1023 635 1098 685 non
1116 613 1163 684 sit
1176 611 1268 706 juris
1284 623 1319 684 et

178 760 302 856 legum
314 761 537 835 naturalium
554 763 671 856 major
683 761 837 834 scientia
848 762 958 834 hodie
972 785 1082 858 quam
1095 761 1205 834 olim:
1225 761 1319 856 quod

179 910 371 983 sententiis
383 911 685 1006 philosophorum
697 921 853 1007 utraque
867 936 952 1008 pars
965 935 1071 985 suum
1081 913 1142 1006 jus
1155 922 1316 984 tueatur:

179 1058 279 1153 quod
309 1057 370 1130 alii
401 1056 562 1146 laudent,
590 1058 651 1130 alii
678 1059 889 1153 vituperent
923 1058 1078 1132 eandem
1112 1058 1317 1131 actionem:

179 1206 278 1302 quod
304 1206 402 1278 idem
425 1229 524 1278 nuno
546 1205 679 1300 probet
705 1229 796 1300 quae.
809 1204 881 1277 alio
905 1215 1072 1301 tempore
1096 1203 1259 1293 damnat,
1283 1216 1319 1276 et

179 1377 245 1426 sua
270 1352 369 1425 facta
388 1352 426 1424 in
450 1352 531 1425 aliis
554 1352 662 1424 aliter
685 1351 864 1424 aestimet:
892 1352 998 1448 signa
1024 1351 1320 1424 manifestissima

178 1510 275 1586 sunt,
293 1498 384 1572 nihil
401 1498 581 1595 profuisse
598 1498 646 1571 ad
663 1459 854 1571 scientiam
867 1498 1032 1571 veritatis
1046 1522 1129 1594 quae
1141 1499 1319 1572 hactenus

177 1651 314 1746 scripta
331 1663 417 1722 sunt
433 1673 455 1722 a
471 1648 696 1746 philosophis
710 1649 910 1722 moralibus
923 1681 932 1733 ;
951 1648 1130 1745 placuisse
1146 1672 1233 1721 vero
1247 1672 1320 1720 non

176 1796 417 1870 illuminando
435 1797 609 1885 animum,
627 1795 693 1868 sed
710 1807 864 1869 venusta
888 1806 926 1868 et
947 1795 1108 1868 secunda
1128 1794 1320 1868 affectibus

177 1947 342 2020 oratione
360 1948 548 2045 opiniones
567 1961 704 2020 temere
722 1957 887 2043 receptas
906 1945 1168 2019 confirmando.
1222 1946 1320 2020 Huic

176 2121 265 2194 ergo
282 2098 522 2195 philosophiae
540 2099 637 2194 parti
654 2099 752 2171 idem
770 2097 925 2193 contigit
943 2096 1043 2192 quod
1059 2096 1127 2169 viis
1150 2096 1319 2192 pubhcis,

178 2248 311 2342 quibus
336 2271 461 2320 omnes
485 2247 743 2343 ingrediuntur
764 2256 923 2342 euntque
941 2268 1111 2341 prorsum
1128 2254 1166 2316 et
1183 2256 1319 2318 retror-

177 2368 280 2478 sum3
298 2393 361 2467 alii
377 2393 489 2466 animi
508 2418 618 2467 causa
630 2393 870 2483 inambulant,
885 2391 947 2464 alii
959 2391 1138 2480 rixantur,
1150 2391 1216 2463 sed
1229 2389 1318 2463 nihil

178 2543 322 2618 seritur.
376 2543 488 2639 Cujus
515 2545 568 2617 rei
593 2545 703 2617 unica
727 2544 807 2616 haec
832 2541 978 2615 videtur
996 2565 1074 2614 esse
1092 2541 1201 2630 ratio,
1221 2540 1319 2637 quod

176 2718 284 2767 nemo
309 2699 448 2782 eorum,
476 2695 539 2791 qui
562 2695 754 2768 materiam
772 2695 868 2767 hanc
886 2703 1105 2778 tractarunt,
1125 2689 1317 2764 commodo

176 2868 262 2918 usus
284 2845 333 2917 sit
359 2844 515 2917 docendi
531 2845 733 2950 principio.
786 2844 871 2916 Non
895 2843 1005 2932 enim,
1031 2852 1073 2914 ut
1099 2841 1139 2927 in
1167 2840 1317 2930 circulo,

175 2993 322 3066 initium
336 2994 499 3069 scientiae
516 2995 668 3086 arbitrio
685 3003 810 3066 nostro
829 2992 923 3065 sumi
940 3002 1071 3089 potest.
1124 2991 1263 3088 Incipit
1280 2992 1317 3064 in

175 3143 263 3239 ipsis
289 3143 483 3218 dubitandi
507 3143 668 3217 tenebris
690 3144 794 3217 filum
818 3141 1004 3238 quoddam
1021 3141 1186 3231 rationis
1214 3143 1317 3238 cujus

176 3292 291 3366 ductu
318 3293 486 3367 evaditur
515 3294 554 3367 in
581 3293 700 3367 lucem
727 3292 986 3376 clarissimam
1018 3291 1069 3363 ibi
1093 3290 1316 3387 principium

175 3442 332 3517 docendi
354 3454 430 3528 est;
457 3443 543 3516 inde
568 3443 616 3516 ad
642 3441 818 3516 solvenda
843 3441 955 3515 dubia
979 3463 1154 3516 converso
1184 3438 1316 3512 itinere

174 3593 238 3665 lux
255 3593 448 3666 referenda
464 3605 531 3666 est.
585 3593 741 3668 Quoties
759 3616 847 3690 ergo
865 3567 1021 3687 scriptor
1038 3589 1141 3662 filum
1154 3587 1247 3661 illud
1259 3587 1314 3660 vel

175 3743 321 3818 inscitia
338 3742 472 3816 deserit
490 3743 548 3816 vel
565 3742 828 3839 cupiditatibus
842 3739 1037 3835 abrumpit,
1051 3761 1127 3810 non
1140 3736 1315 3822 scientia,

174 3894 240 3967 sed
257 3895 482 3968 errationum
499 3917 647 3968 suarum
669 3892 822 3988 vestigia
841 3889 957 3964 literis
974 3887 1160 3961 describit.
1215 3887 1314 3962 Qua-

172 4054 335 4140 propter,
364 4069 448 4117 cum
476 4043 718 4140 cogitationes
745 4063 845 4113 meas
869 4039 917 4112 ad
939 4036 1216 4136 inquisitionem
1239 4037 1314 4134 jus-

174 4191 266 4264 titiae
297 4192 474 4264 naturalis
505 4189 779 4279 convertissem,
808 4185 1018 4261 admonitus
1047 4208 1128 4258 sum
1159 4183 1206 4258 ab
1238 4183 1315 4280 ipsa
