2848 4908
293 271 364 342 812
517 329 521 338 .
696 283 930 340 rmrnmum.
960 299 964 310 ·

674 723 836 800 CAPUT
861 725 963 800 XIV.

579 899 626 954 oo
645 899 792 952 naornus
810 899 857 951 nr
876 899 1054 952 raccnrrs.

296 1035 322 1092 1.
344 1027 407 1088 Lex
421 1025 566 1106 quomodo
580 1025 676 1086 differt
689 1045 706 1086 a
720 1025 857 1086 coneilio:
882 1029 910 1086 2.
933 1025 1087 1092 Quomodo
1102 1024 1197 1084 differt
1209 1043 1225 1084 a
1238 1031 1321 1102 panto:
1378 1038 1379 1043 ’

333 1126 361 1184 3.
383 1117 537 1188 Quomodo
551 1117 651 1198 ajuro.
691 1123 719 1180 4.
741 1117 854 1176 Divisio
869 1117 965 1196 legum
980 1117 1009 1176 in
1023 1116 1135 1176 divinae
1149 1125 1179 1176 et
1192 1117 1322 1184 humanam

334 1219 364 1272 et
377 1210 538 1271 divinarum
553 1212 581 1268 in
604 1211 746 1270 naturales
768 1217 798 1270 ot
818 1211 975 1288 positivam
995 1221 1023 1270 et
1038 1211 1211 1272 naturalium
1225 1213 1250 1270 iu
1262 1211 1324 1288 leges

334 1303 512 1384 singulorum
524 1303 681 1374 hominum,
701 1309 730 1362 et
742 1303 882 1380 gentium.
922 1306 950 1364 5.
970 1301 1084 1382 Legum
1106 1304 1291 1372 humanarum,
1303 1301 1325 1358 id

335 1403 386 1468 eat,
402 1395 528 1455 oiviiium
542 1394 644 1454 divisio
657 1395 686 1453 in
700 1413 795 1454 aaaron
808 1403 838 1454 et
847 1395 1017 1456 aaouiarear
1037 1401 1065 1458 6.
1088 1395 1123 1456 In
1138 1395 1326 1456 distributivam

336 1497 365 1549 at
379 1487 590 1548 vindieativanr.
631 1487 661 1552 7.
682 1485 906 1546 Distributivam
930 1497 960 1548 at
984 1489 1187 1548 vindieativam
1209 1507 1263 1548 non
1280 1505 1327 1546 arao

336 1582 445 1662 apeoioa
464 1581 570 1660 legum,
588 1579 639 1638 aad
656 1587 760 1657 partes.
800 1583 828 1640 8.
850 1579 939 1640 Omni
959 1579 1015 1660 legi
1029 1599 1117 1659 poeno
1129 1599 1252 1660 appensa
1263 1577 1328 1638 intei-

336 1675 443 1754 ligitur·
484 1677 512 1736 9.
533 1671 683 1750 Praecepta
701 1671 844 1752 Deoalogi
866 1671 902 1732 de
921 1675 1088 1750 parentibus
1112 1671 1286 1742 honorandis,
1302 1671 1328 1728 du

337 1765 502 1834 homicidio,
517 1763 666 1836 adulterio,
677 1762 765 1836 furto,
779 1770 809 1824 ot
822 1763 1075 1837 ialaotoatimonio‚
1086 1763 1164 1845 leger
1174 1764 1329 1826 oiviieaaaae.

339 1863 385 1920 10.
406 1855 588 1936 Impossibile
602 1875 662 1916 eaeo
675 1855 740 1935 lego
753 1854 830 1916 oivili
845 1855 1002 1934 quiequam
1021 1855 1126 1936 jubere
1140 1865 1240 1916 eontra
1255 1855 1330 1932 legen

338 1959 458 2012 natura.
500 1953 546 2011 11.
567 1947 641 2026 Legi
661 1948 810 2008 essentiale
832 1967 902 2020 ease,
917 1957 950 2008 ut
974 1956 1166 2028 ooguoaoatur
1190 1956 1219 2010 et
1240 1950 1294 2026 ipsa
1310 1955 1332 2004 et
1399 1947 1400 1950 ’

337 2043 492 2122 legislator.
534 2045 581 2103 12.
602 2039 690 2102 Unda
701 2049 894 2120 oognoaoatur
904 2039 1060 2121 legislator.
1102 2046 1149 2104 18.
1171 2041 1219 2102 Ad
1232 2057 1332 2120 cognor-

339 2135 460 2196 oendam
483 2133 577 2212 legem
600 2134 760 2194 neoeaaaria
785 2139 852 2192 aunt
877 2133 1070 2214 promulgatio
1097 2141 1126 2194 et
1147 2133 1332 2212 interpretatio.

341 2231 387 2288 14.
408 2225 496 2305 Logia
510 2225 600 2286 oivilia
614 2225 715 2286 divido
729 2225 905 2303 inscriptam
917 2227 1167 2305 etnonaoriptam.
1192 2230 1236 2288 15.
1257 2223 1333 2302 lega

340 2318 483 2378 naturaioa
496 2335 554 2378 non
568 2335 629 2378 eaeo
641 2317 720 2396 leges
740 2317 879 2394 scriptam
899 2335 993 2396 neque
1007 2317 1333 2400 reuponaajuriapruden·

341 2417 413 2480 tum,
427 2429 522 2488 nequa
536 2411 773 2472 consuetudinem
784 2427 845 2471 erae
858 2405 940 2490 leger
951 2431 1051 2492 parua,
1061 2411 1114 2472 aad
1124 2431 1177 2490 par
1186 2427 1335 2473 oooaunaum

340 2521 460 2564 nummu
487 2503 643 2582 potestatis.
687 2507 732 2566 16.
752 2501 870 2566 Poooati
895 2523 1000 2566 nomen
1027 2505 1164 2565 latissime
1193 2513 1336 2582 aooeptum.

340 2597 411 2676 quid
431 2595 581 2676 significet.
621 2597 670 2661 17.
691 2594 808 2658 Peooati
835 2599 974 2660 definitio.
1017 2602 1063 2659 18.
1084 2597 1257 2658 Differentia
1276 2597 1336 2656 inter

340 2696 492 2767 peccatum
506 2687 679 2748 infirmitatis
693 2695 722 2748 et
735 2688 885 2750 malitiam.
928 2693 975 2754 19.
996 2689 1030 2750 In
1053 2708 1111 2768 quo
1125 2707 1231 2766 genere
1245 2681 1336 2768 peceati

341 2782 523 2842 contineatur
536 2780 699 2840 atheiamua.
739 2783 786 2842 20.
808 2781 886 2849 Quid
911 2783 948 2842 ait
970 2783 1078 2842 crimen
1091 2781 1167 2842 ineam
1191 2779 1335 2860 maiestatin

341 2878 390 2936 21.
411 2871 538 2936 Crimine
557 2873 632 2932 laam
655 2871 810 2952 majestatie
831 2892 889 2935 non
913 2873 991 2952 legen
1019 2873 1115 2934 oiuilea
1136 2874 1188 2934 aed
1212 2869 1337 2932 naturaie·

342 2967 458 3028 violarit
489 2969 539 3028 22.
559 2965 687 3043 ideoque
702 2985 759 3026 non
779 2965 847 3046 jure
869 2967 991 3046 imperii,
1015 2967 1066 3027 aad
1085 2965 1153 3046 jure
1167 2963 1337 3044 beliipuniri.

342 3062 390 3121 23.
413 3058 615 3119 Obodiantiam
629 3077 687 3118 oon
701 3065 779 3119 reeta
793 3059 930 3140 distingui
944 3059 973 3118 in
984 3059 1109 3120 aotivam
1122 3067 1153 3120 et
1165 3059 1306 3138 passivam.

108 3191 205 3244 sucu·
221 3191 273 3246 11¹·
310 3188 341 3255 1.
369 3177 457 3254 Lux
484 3179 530 3253 ab
558 3177 615 3268 iia,
643 3177 707 3276 qui
733 3177 808 3253 vim
835 3179 1033 3254 verborum
1062 3177 1185 3252 minus
1212 3197 1338 3252 morose

121 3269 264 3378 ...ιζ
306 3291 504 3390 pensitant,
522 3291 719 3389 aliquando
745 3315 830 3366 oum
861 3290 1029 3382 coneilio,
1054 3289 1252 3389 aliquando
1269 3311 1339 3364 com

91 3411 432 3527 ffiffigffflopacto,
444 3403 641 3503 aliquando
653 3405 833 3502 oumjure
847 3404 1096 3480 confunditur.
1116 3403 1341 3479 Confundunt

305 3521 427 3622 legem
451 3541 536 3594 oum
559 3517 727 3610 coneilio,
746 3518 809 3617 qui
826 3527 961 3616 putant
977 3518 1259 3596 monarchorum
1276 3517 1341 3592 offi-

306 3635 405 3712 cium
422 3657 500 3709 ease
518 3631 758 3709 consiliarios
776 3655 852 3708 non
868 3632 978 3708 modo
997 3632 1136 3724 audire,
1162 3632 1341 3709 sedetiam

305 3749 349 3825 iis
392 3747 566 3834 obedire;
603 3757 780 3846 tanquam
815 3747 847 3822 si
881 3747 1075 3823 consilium
1110 3769 1255 3845 capere,
1282 3743 1343 3820 nisi

307 3863 420 3940 etiam
437 3861 537 3962 quod
553 3862 761 3938 ooneuitum
779 3872 835 3938 eet
861 3863 939 3954 fiat,
955 3861 1095 3938 frustra
1112 3873 1220 3938 esset.
1272 3859 1345 3936 Dis·

306 3977 438 4053 tinctio
471 3977 568 4052 iuter
603 3974 863 4050 consiliumet
897 3974 1018 4076 legem
1050 3975 1213 4073 petenda
1246 3984 1346 4050 estu

308 4090 515 4168 differentia
527 4091 624 4167 inter
639 4089 833 4166 eonsilium
850 4100 889 4166 et
905 4089 1130 4166 mandatum.
1156 4091 1241 4166 Jam
1255 4109 1345 4165 cou-

310 4225 458 4280 armum
485 4215 541 4280 eet
557 4212 806 4304 praeceptum,
830 4203 868 4280 in
889 4227 962 4302 quo
981 4203 1089 4296 ratio,
1114 4227 1228 4303 quare
1249 4225 1345 4304 pare·
