2912 4912
289 295 336 364 84
675 314 728 366 nu
748 314 932 366 nouruu.

105 511 202 563 anco,
217 513 254 563 11,
289 478 415 552 nificat
430 478 715 555 instrumentum
731 506 804 578 quo
821 505 880 555 res
893 482 1066 555 videntur
1082 504 1105 553 a
1118 480 1338 578 longinquo,

106 588 249 694 „jd
290 593 355 666 sed
364 593 487 689 potius
497 593 871 692 microscopium,quo
884 594 1024 668 scilicet
1034 594 1180 690 objecta
1188 595 1339 668 minuta

290 718 470 803 apparent
496 730 654 802 magna;
686 709 781 781 ratio
809 719 933 782 tamen
960 707 1091 780 eadem
1117 721 1183 780 est.
1236 708 1338 780 Nam

290 819 528 915 telescopium
548 819 747 915 quodlibet,
765 821 795 894 si
812 821 1030 894 adhibeatur
1047 820 1095 893 ad
1117 821 1265 916 objecta
1280 821 1341 893 vi-

292 931 413 1005 denda
430 957 513 1029 quae
529 946 615 1007 sunt
631 937 670 1006 in
691 936 858 1030 proximo
875 935 1006 1031 posita,
1025 946 1063 1007 et
1079 936 1127 1007 ob
1145 959 1227 1008 eam
1248 959 1341 1008 cau-

292 1069 371 1119 sam
388 1045 532 1141 dioptre
546 1048 637 1142 ejus,
655 1059 834 1143 quantum
850 1049 937 1121 satis
954 1059 1023 1137 est,
1040 1047 1277 1136 diducuntur,
1294 1049 1342 1120 fit

292 1159 583 1255 microscopium.

83 1302 262 1348 mactamur
343 1273 378 1354 7.
398 1272 442 1344 In
458 1272 665 1370 telesoopiis
680 1273 784 1347 locus
799 1272 895 1347 oculi
913 1298 988 1347 non
1005 1296 1229 1370 magnopere
1248 1297 1342 1346 con-

82 1368 268 1491 ,⁸„‘1¹‚{‘,',{ffi{
294 1384 486 1459 sideratur.
538 1387 635 1458 Nam
657 1386 689 1459 si
712 1386 859 1482 quidem
883 1386 1068 1483 dioptrum
1088 1386 1195 1459 oculo
1212 1387 1344 1482 proxi-

83 1497 274 1619 ζξξθζζῑᾞ
294 1522 395 1571 mum
412 1498 461 1571 sit
478 1522 691 1588 concavum,
709 1510 847 1594 quanto
867 1499 1019 1595 propior
1041 1499 1112 1596 ipsi
1128 1498 1257 1572 oculus
1274 1523 1345 1596 ap-

84 1627 284 1672 minmvewnfuw·
294 1612 464 1709 plicatur,
490 1623 594 1685 tanto
620 1613 702 1708 plus
718 1611 865 1685 videtur
889 1612 1034 1709 objecti.
1086 1612 1184 1685 Nam
1201 1612 1267 1708 qui
1283 1613 1345 1684 in-

296 1724 425 1821 spiciet
441 1725 598 1820 figuram
620 1735 800 1820 quartam
824 1725 931 1798 facile
953 1725 1222 1798 animadvertet
1239 1726 1346 1821 quod

295 1849 437 1913 remoto
459 1850 599 1935 puncto
623 1839 656 1912 D
679 1839 826 1935 longius
853 1864 876 1913 a
901 1839 1047 1936 dioptro
1071 1840 1112 1912 M
1125 1840 1173 1929 N,
1194 1838 1347 1912 radium

297 1951 513 2025 KRNAD
541 1976 617 2025 non
643 1975 751 2048 posse
774 1952 906 2025 cadere
929 1952 968 2024 in
994 1963 1163 2024 centrum
1186 1951 1345 2035 retinae3

296 2065 393 2161 perit
410 2065 534 2160 itaque
551 2064 680 2160 puncti
697 2066 732 2136 K
749 2064 919 2137 radiatio.
946 2064 1077 2161 Itaque
1092 2075 1205 2160 prout
1220 2088 1347 2138 remo-
1449 2107 1450 2168 ἦ

298 2187 427 2250 veatur
451 2175 589 2264 oculuS,
612 2176 665 2249 ita
688 2187 933 2248 extremarum
950 2176 1111 2272 partium
1128 2176 1267 2273 objecti
1284 2201 1346 2250 ra·

299 2288 412 2361 dictio
433 2286 525 2361 nihil
546 2288 635 2384 agit,
653 2299 692 2360 et
720 2287 875 2383 proinde
902 2287 942 2361 in
968 2288 1172 2362 remotione
1202 2291 1347 2386 majore

299 2399 411 2474 totius
428 2399 563 2496 objecti
585 2399 677 2473 visio
699 2399 893 2472 amittitur.
946 2398 1097 2490 Contra,
1114 2400 1347 2497 inspiciendo

300 2514 457 2610 figuram
474 2514 651 2609 quintam,
666 2512 899 2586 manifestum
918 2525 975 2586 est
1000 2514 1100 2609 quod
1116 2515 1146 2588 si
1162 2528 1349 2610 punctum

303 2627 337 2700 D
354 2628 505 2725 propius
522 2628 568 2701 sit
585 2626 733 2724 dioptro
751 2627 833 2716 FG,
850 2627 995 2700 radium
1013 2628 1132 2700 LHF
1148 2653 1225 2701 non
1238 2651 1348 2725 posse
1448 2711 1449 2716 ,

302 2741 455 2840 refringi
482 2741 530 2814 ad
559 2742 605 2832 D,
634 2740 700 2814 sed
725 2741 930 2814 necessario
957 2765 1065 2815 axem
1094 2765 1218 2818 secare
1248 2743 1350 2816 infra
1448 2745 1449 2758 ’

302 2855 432 2950 ipsum,
450 2855 607 2952 ideoque
624 2853 744 2951 perire
760 2853 939 2926 visionem
961 2855 1091 2950 puncti
1107 2855 1150 2928 L.
1184 2855 1301 2930 Quod
1317 2857 1350 2929 si

302 2966 421 3064 ipsum
440 2967 628 3064 dioptrum
647 2968 719 3040 FG
739 2966 888 3040 finiatur
909 2967 948 3040 in
969 2969 1009 3059 F,
1026 2978 1069 3040 ut
1086 2992 1161 3045 non
1178 2969 1226 3042 sit
1242 2968 1350 3043 locus

303 3081 532 3158 irradiationi
548 3095 652 3154 extra
666 3091 845 3176 punctum
863 3081 903 3170 F,
922 3091 960 3154 et
981 3091 1213 3154 removeatur
1227 3106 1350 3178 punc-

304 3207 384 3268 tum
409 3196 444 3268 D
468 3196 613 3292 longius
637 3220 661 3267 a
686 3195 832 3290 dioptro
859 3195 940 3282 FG,
964 3195 1018 3268 sic
1040 3218 1187 3291 quoque
1210 3195 1351 3291 peribit

305 3309 396 3381 visio
412 3310 541 3406 puncti
564 3310 613 3382 H.
666 3309 796 3404 Itaque
812 3309 852 3382 in
872 3332 940 3381 axe
961 3308 1085 3405 optico
1106 3308 1210 3382 locus
1227 3307 1351 3382 centri
1447 3355 1448 3372 .

306 3421 434 3495 retinae
462 3422 592 3495 unicus
622 3422 757 3511 existit,
787 3421 849 3494 ubi
875 3421 1009 3517 objecti
1032 3433 1157 3518 partes
1178 3421 1350 3517 plurimae

306 3534 422 3608 videri
439 3545 614 3630 possunt;
642 3534 695 3607 ita
711 3543 754 3606 ut
766 3543 892 3606 centro
904 3532 938 3604 D
949 3532 1036 3607 inde
1049 3544 1151 3607 moto
1168 3533 1246 3607 sive
1263 3558 1350 3630 pro-

306 3647 389 3744 pius
405 3646 454 3719 ad
470 3646 656 3744 dioptrum
679 3645 756 3719 sive
772 3645 818 3718 ab
836 3669 880 3718 eo
896 3645 1055 3741 longius,
1073 3646 1195 3719 miuus
1212 3647 1353 3743 objecti

308 3782 452 3855 semper
467 3759 668 3855 apparebit.
703 3760 769 3833 Est
785 3772 910 3832 autem
927 3758 1030 3830 locus
1046 3758 1107 3831 ille
1124 3783 1239 3855 aquo
1257 3761 1354 3834 radii

308 3897 393 3946 cum
403 3895 471 3946 axe
482 3871 603 3968 optico
615 3871 745 3967 inipso
755 3870 875 3944 retina
884 3882 1146 3945 concurrentes
1157 3884 1356 3946 transeunt

307 4011 376 4084 per
392 3986 528 4082 dioptri
539 3986 584 4058 ab
596 3985 702 4058 oculo
713 3983 920 4058 remotioris
931 3985 1110 4058 terminos
1121 3998 1322 4060 extremos.

127 4113 278 4174 rolandum
361 4109 396 4174 8.
414 4097 722 4194 Telescopiorum,
741 4109 822 4170 tum
839 4097 878 4170 in
896 4097 1027 4194 quibus
1046 4097 1234 4195 dioptrum
1248 4100 1357 4173 oculo

127 4181 282 4291 ffiffm
312 4212 569 4313 applioaudruu
603 4234 807 4286 concavum
840 4221 907 4301 est,
937 4223 1018 4285 tum
1052 4235 1133 4308 quae
1169 4212 1359 4310 dioptrum
