2896 4914
214 305 269 355 rm
290 303 691 368 annunsnprarrorts
711 302 895 368 onrscrr,
914 301 1004 355 erc.
1080 289 1123 362 tl

99 473 193 548 fassffl
205 474 284 570 istm
301 471 360 561 Sit,
378 472 620 572 exhibeatque
636 473 835 572 spectatori
850 497 918 571 pro
944 471 1048 549 lineis
1064 495 1129 570 pa-
1166 502 1262 564 m,
1277 501 1304 554 11

97 588 241 678 radetis,
259 610 335 662 non
352 587 542 683 parneio
557 619 567 672 ;
584 612 652 685 pro
665 588 809 680 erectis,
824 587 1128 686 prmumbentm
1169 583 1313 692 -L

95 726 159 798 pro
185 701 345 792 circulis,
371 701 537 800 ellipsesa
562 725 630 798 pro
658 701 856 802 ellipsibue
874 701 1051 788 circulos;
1076 700 1131 778 in·

95 839 319 912 uumeraque
335 814 407 890 alia
426 840 508 912 quae
524 815 630 896 aliter
654 815 693 893 in
709 817 834 896 tabula
849 827 936 894 nint
957 841 1068 916 quam
1090 816 1130 893 in

96 931 252 1028 objecto,
268 930 450 1012 rationem
473 930 625 1014 reddam
641 955 755 1029 quare
767 943 892 1010 tumen
908 931 1132 1028 objecturus

95 1046 219 1124 tabula
237 1044 376 1142 optime
401 1055 708 1143 repraesentatur·
738 1045 777 1122 id
803 1044 903 1144 quud
929 1068 975 1125 ex
996 1044 1131 1123 ebulo

96 1160 248 1255 alicujus
266 1159 540 1241 constructione
556 1159 823 1239 ostendendum
839 1171 907 1240 est

142 1285 178 1350 2.
207 1271 514 1351 Consideremus
504 1274 617 1370 igitur
629 1273 812 1371 adjunotae
827 1273 962 1354 tabule
974 1273 1204 1394 figurant,ulfini
1144 1281 1274 1340 Remi

96 1388 263 1485 primam,
281 1386 320 1463 in
346 1411 418 1483 qua
446 1387 669 1468 sitABYZ
686 1389 940 1486 rectiangulum
963 1349 1233 1538 inplanoffm
1219 1361 1320 1522 {fer

96 1500 296 1580 horizontis
310 1485 1279 1602 positum,drv1sumquebrfana1uareotnGHm{i„:

96 1615 131 1691 in
155 1641 242 1713 qua,
259 1626 448 1712 utcunque
463 1615 646 1714 producta
665 1616 777 1708 adn,
802 1627 986 1696 sumatur
1010 1629 1132 1696 ereata

97 1731 140 1804 ad
168 1731 322 1827 planum
348 1741 451 1808 reeta
476 1731 558 1822 EF,
577 1731 875 1832 intelligaturque
891 1731 1043 1808 oculus
1033 1755 1073 1806 ιιι
1090 1731 1130 1806 F.

97 1844 352 1940 intelligantur
369 1843 481 1942 etiam
498 1843 588 1935 Y,Z
605 1843 698 1924 adeo
714 1855 856 1924 remota
865 1869 943 1920 esse
953 1846 1000 1924 ab
1013 1843 1132 1932 ooulo,

95 1969 133 2035 ut
150 1958 275 2036 ductis
292 1958 403 2036 rectis
420 1958 504 2048 FY,
522 1958 603 2048 FZ,
620 1959 776 2056 angulus
800 1959 847 2036 ab
871 1959 942 2036 illis
968 1982 1132 2056 cumpre-

97 2073 231 2150 hensus
260 2072 377 2148 YFZ
408 2097 485 2171 prae
514 2074 716 2171 exiguitate
742 2085 985 2152 evanesceret.
1048 2073 1132 2154 Quo

97 2188 205 2279 facto,
235 2187 411 2264 hebemus
437 2189 666 2287 pyramidem
694 2189 879 2280 visualem
904 2191 1007 2286 eujus
1035 2189 1132 2266 basis

98 2315 151 2378 est
167 2301 427 2398 reetnnguium
443 2302 520 2378 AB
533 2303 618 2394 YZ,
635 2313 761 2380 vertex
779 2305 818 2380 in
835 2303 942 2380 nomo
960 2305 1000 2394 F,
1017 2303 1133 2378 lutera

97 2413 1133 2515 ABF‚AYn,nsz,zun,quatuortriangu1a,quo

98 2553 176 2606 rum
193 2532 368 2608 rdtimum
383 2530 497 2606 ZYF
512 2533 626 2608 habet
641 2533 818 2629 anguium
829 2531 877 2608 ad
894 2533 922 2606 F
938 2531 1031 2608 adeo
1047 2555 1130 2606 aeu-

98 2657 174 2722 tum
202 2656 257 2737 ut,
278 2645 402 2743 quoad
431 2669 589 2738 sensum,
614 2646 730 2722 latera
755 2647 838 2738 FY,
869 2645 936 2721 FZ
964 2669 1032 2742 pro
1059 2668 1134 2720 una

98 2771 241 2836 tentum
256 2769 360 2834 reeta
376 2759 545 2836 habenda
560 2759 645 2836 sint

146 2876 405 2971 Supponamus
418 2876 496 2972 jam
512 2874 767 2972 reotnugnlum
782 2875 818 2952 A
830 2875 862 2950 B
874 2872 946 2950 YZ
972 2895 1050 2948 esse
1076 2871 1132 2970 ip-

100 3011 177 3064 tum
195 2990 383 3084 objectum
398 2988 735 3087 repraesentandum
746 3015 814 3088 per
824 2986 1133 3086 transpeotionem

99 3104 134 3179 'm
151 3105 263 3202 plano
282 3105 406 3201 aliquo
424 3105 608 3202 dinphnuo
624 3106 841 3202 interposito
858 3105 954 3182 inter
966 3104 1085 3200 ipsum
1096 3111 1135 3177 et

100 3219 256 3294 nardum.
308 3217 542 3314 Intelligatur
567 3242 656 3314 ergo
682 3243 791 3316 super
810 3229 952 3294 rectam
967 3216 1043 3294 AB
1061 3215 1135 3292 tuie

99 3333 246 3427 planum
263 3331 611 3428 perpendiculariter
624 3343 789 3409 erectum
805 3357 896 3423 esse,
914 3355 1040 3408 secans
1057 3354 1134 3405 om-

101 3467 164 3522 nes
180 3445 307 3520 radios
324 3445 518 3522 tendentes
534 3448 581 3522 ab
599 3448 746 3544 objecto
755 3447 970 3544 reotunguio
983 3445 1032 3520 ad
1048 3470 1135 3520 oeu-

100 3559 173 3636 lum
190 3561 242 3645 F3
269 3559 340 3634 erit
360 3583 449 3657 ergo
467 3561 581 3638 seatio
598 3561 698 3636 tacta
709 3562 749 3636 in
761 3561 873 3659 plnno
887 3571 1009 3638 ereoto
1027 3583 1136 3657 super

100 3675 174 3752 AB
189 3675 430 3772 triangulum,
443 3677 547 3773 eujus
564 3676 662 3752 basis
678 3677 834 3770 estAB,
844 3675 1000 3752 altitudo
1013 3699 1135 3773 aequa-

103 3788 143 3864 lis
159 3801 275 3866 reetae
291 3791 322 3864 E
337 3791 377 3882 F,
394 3814 527 3890 nempe
544 3791 632 3866 GV.

146 3905 244 3980 Nam
262 3903 344 3980 duae
357 3917 469 3980 reotae
491 3907 574 3997 FY,
592 3907 674 3997 ΡΖ,
692 3917 847 4006 sumptae
862 3930 930 4006 pro
947 3928 1021 3980 nnn
1037 3903 1135 3976 lines

101 4030 248 4117 propter
278 4020 517 4116 exiguitatem
544 4022 682 4119 unguii,
709 4023 918 4098 transibunt
934 4019 1052 4094 nmbae
1067 4041 1135 4116 per

102 4136 272 4210 verticem
288 4136 334 4225 V,
363 4147 401 4210 et
426 4137 509 4210 Π
518 4136 588 4210 erit
616 4137 811 4230 horizonti,
830 4135 951 4234 quoad
975 4157 1133 4220 sensum,

103 4260 248 4346 propter
261 4249 487 4349 suppositam
497 4251 711 4338 dnuntiam
720 4262 834 4330 reeta
848 4250 935 4345 YZ,
948 4247 1133 4349 parellela.
