2896 4914
237 348 255 374 -.
313 274 361 342 80
710 293 763 345 nn
783 295 965 347 nomme.

124 492 220 546 secr.
232 487 272 540 n.
310 480 377 553 per
404 457 460 530 IF
476 458 524 531 ad
551 458 736 556 dioptrum
766 463 924 535 alterum
949 464 987 536 in
1006 464 1045 536 F.
1099 464 1276 537 Similiter
1296 490 1358 540 re·

127 569 268 676 *23⁴
309 571 490 667 fringatur
500 572 624 648 radius
642 574 719 647 ΒΚ
736 575 775 648 111
789 576 839 662 H,
850 587 1047 673 secentque
1061 576 1129 666 IF,
1145 580 1179 650 K
1193 577 1228 650 H
1246 603 1355 652 axem

310 685 473 781 opticum
505 685 545 759 in
573 688 615 761 G.
672 689 861 763 Postremo
886 691 1136 786 refringantur
1165 693 1234 780 IF,
1267 693 1304 764 K
1318 694 1354 764 H

309 799 357 872 ad
373 800 668 896 axem-opticum
684 825 750 896 per
763 803 907 893 FN,-H
921 804 968 876 N.
1007 803 1201 876 Videbitur
1224 802 1354 900 itaque

307 922 486 1008 punctum
500 914 535 986 N
554 913 723 987 distincte
741 915 779 987 in
793 940 861 989 axe
879 917 914 989 N
925 916 1001 988 DC
1018 928 1170 1012 propter
1187 916 1353 989 rationes

307 1023 473 1119 proxime
497 1049 607 1121 supra
619 1026 833 1100 declaratae.
878 1029 975 1101 Nam
991 1028 1085 1101 radii
1101 1053 1168 1124 per
1185 1053 1282 1124 quos
1299 1030 1353 1100 vi-

308 1136 453 1210 videtur
481 1139 529 1227 N,
559 1163 691 1235 nempe
722 1141 873 1214 NFIA
884 1143 925 1229 C,
948 1143 983 1215 N
998 1143 1035 1214 H
1048 1145 1082 1215 K
1095 1142 1125 1214 B
1137 1143 1178 1231 C,
1210 1153 1250 1216 et
1275 1143 1352 1214 axis

309 1245 452 1345 op'tious
466 1251 501 1324 N
515 1252 549 1324 D
562 1253 603 1341 C,
621 1265 847 1327 concurrunt
863 1255 902 1327 in
914 1266 1052 1351 puncto
1072 1255 1113 1344 C,
1132 1267 1170 1328 et
1193 1255 1351 1350 proinde

307 1360 405 1436 linea
415 1365 561 1438 visualis
578 1366 648 1455 illis
666 1367 783 1439 tribus
800 1367 913 1440 radiis
932 1368 1156 1464 respondens
1186 1370 1286 1463 (cap.
1307 1391 1349 1441 11.

307 1487 366 1548 art
383 1479 422 1570 2)
442 1477 513 1550 erit
529 1479 606 1574 ipse
623 1479 700 1552 axis
718 1480 881 1576 opticus:
908 1481 1032 1577 itaque
1049 1493 1230 1576 punctum
1258 1481 1295 1552 N
1313 1481 1350 1554 in

307 1589 384 1662 solo
394 1614 462 1663 axe
472 1592 674 1687 apparebit
684 1593 725 1665 id
735 1604 801 1681 est
815 1592 999 1666 videbitur
1000 1604 1204 1689 ,quantum
1214 1605 1350 1668 natura

305 1716 484 1801 punctum
501 1704 617 1778 videri
632 1704 782 1803 patitur,
800 1705 960 1780 distinct
935 1706 1083 1779 tissime

97 1827 254 1886 nomam
356 1826 391 1889 4.
418 1817 614 1914 Dioptrum
631 1844 844 1908 concavum,
868 1830 1006 1916 quanto
1027 1819 1179 1892 minoris
1194 1819 1348 1914 sphaerae

95 1893 295 2079 iiiiiimiffi
306 1930 427 2025 portio
453 1941 520 2014 est,
539 1943 656 2020 tanto,
682 1942 725 2005 ut
752 1933 938 2028 objectum
966 1932 1139 2005 distincte
1166 1932 1346 2023 videatur,

94 2035 205 2144 mm,
181 2035 296 2138 ..ἴω
228 2022 443 2116 ¹¹⁸¹³distare
459 2067 483 2116 a
499 2043 646 2138 dioptro
663 2068 825 2118 convexo
842 2045 988 2141 longius
1007 2044 1128 2119 debet.

95 2151 201 2196 “hm
211 2152 296 2228 ‘¹³⁰1’ffl?
359 2155 414 2230 Sit
427 2155 482 2246 (111
491 2157 611 2250 figura
619 2156 744 2250 tertia)
761 2157 887 2230 oculus
902 2157 1025 2247 ABG,
1037 2169 1206 2230 centrum
1217 2159 1346 2232 retinae

94 2230 265 2326 mm
264 2230 354 2357 enD,
372 2267 450 2340 axis
467 2267 610 2363 opticus
636 2269 672 2340 N
684 2269 726 2357 C,
742 2269 928 2365 dioptrum
958 2294 1160 2343 concavum
1177 2271 1194 2343 I
1207 2272 1243 2343 K
1255 2271 1297 2344 M
1308 2273 1344 2361 P,

306 2380 409 2476 cujus
427 2390 594 2452 centrum
611 2380 652 2453 L.
704 2380 899 2477 Dioptrum
913 2406 1115 2455 convexum
1129 2383 1223 2471 GH,
1243 2387 1344 2480 cujus

306 2505 475 2568 centrum
489 2493 533 2566 Ο.
585 2494 780 2588 Objeetum
808 2506 932 2566 autem
963 2495 998 2567 N
1024 2495 1064 2568 in
1090 2520 1159 2569 axe
1183 2497 1344 2591 positum

304 2607 473 2682 videatur
491 2606 663 2680 distincte
679 2631 745 2702 per
758 2607 901 2680 radium
918 2608 954 2681 N
966 2608 1027 2684 GI
1041 2609 1071 2681 A
1087 2609 1130 2681 C.
1181 2609 1204 2681 J
1207 2634 1268 2682 am
1283 2611 1344 2683 ab·

304 2722 379 2797 lato
397 2721 542 2817 dioptro
568 2721 586 2794 Ι
600 2722 635 2793 Κ
649 2719 691 2792 Μ
702 2721 742 2809 Ρ,
761 2729 799 2792 et
828 2720 867 2793 in
891 2721 1014 2793 locum
1031 2723 1109 2817 ejus
1142 2722 1343 2796 substituto

305 2835 452 2931 dioptro
484 2834 501 2907 1
516 2836 551 2907 K
564 2834 600 2908 Q
610 2834 645 2906 R
673 2834 844 2929 portione
869 2835 1022 2931 sphaerae
1049 2834 1213 2925 minoriS,
1241 2837 1342 2931 cujus

303 2960 472 3021 centrum
490 2948 537 3022 sit
553 2948 597 3037 V,
611 2947 768 3021 ducatur
783 2948 858 3020 VT
874 2971 1001 3021 secans
1018 2948 1082 3020 AI
1098 2948 1138 3021 in
1154 2948 1197 3020 T.
1243 2949 1342 3024 Quo-

303 3062 403 3136 niam
420 3085 508 3157 ergo
522 3061 677 3156 angulus
691 3061 939 3134 inclinationis
956 3061 1050 3135 radii
1067 3062 1133 3134 AI
1152 3073 1210 3134 est
1227 3062 1341 3151 LIA,

226 3262 233 3274 .
303 3174 424 3248 minor
441 3173 708 3270 scilicetquam
724 3175 879 3270 angulus
895 3176 970 3249 VT
982 3177 1016 3248 A
1034 3177 1097 3272 qui
1114 3186 1169 3250 est
1186 3177 1342 3273 angulus

303 3285 549 3359 inclinationis
566 3286 660 3359 radii
671 3288 703 3358 A
714 3288 757 3375 T,
768 3288 886 3382 major
903 3288 973 3361 erit
990 3290 1145 3384 angrrlus
1162 3289 1342 3364 refractus

303 3400 397 3474 radii
414 3400 491 3473 AT
516 3400 665 3474 refracti
690 3401 729 3474 in
745 3413 884 3497 puncto
902 3403 944 3491 T,
963 3427 1074 3498 quam
1103 3402 1261 3500 angulus
1286 3428 1341 3477 re-

302 3514 443 3588 fractus
460 3511 554 3586 radii
579 3514 642 3587 AI
668 3514 816 3588 refracti
845 3514 885 3588 in
903 3515 932 3587 Ι.
985 3516 1041 3589 Sit
1054 3517 1132 3612 jam
1156 3518 1253 3590 radii
1268 3518 1342 3590 AT

303 3627 483 3700 refractus
500 3627 532 3699 T
547 3627 584 3698 X
600 3658 610 3710 ;
636 3630 752 3723 magis
770 3650 858 3723 ergo
877 3627 1043 3724 diverget
1067 3630 1114 3702 ab
1132 3653 1201 3701 axe
1219 3632 1342 3726 optico

303 3741 384 3816 ΤΧ
402 3764 512 3837 quam
535 3740 606 3814 IG.
659 3741 745 3814 Non
761 3752 886 3837 potest
903 3765 991 3838 ergo
1009 3743 1040 3815 T
1057 3744 1094 3815 X
1110 3743 1164 3815 ita
1179 3743 1341 3817 incidere

302 3855 342 3930 iu
360 3855 547 3951 dioptrum
564 3853 656 3943 GH,
675 3865 718 3926 ut
740 3855 964 3951 refringatur
980 3856 1028 3928 ad
1054 3880 1159 3928 axem
1178 3858 1341 3953 opticum

302 3969 340 4042 in
358 3978 497 4065 puncto
516 3968 563 4058 N,
582 3968 647 4041 sed
672 3979 736 4041 aut
761 3969 869 4041 altius
887 3980 951 4042 aut
972 3993 1047 4043 non
1064 3970 1239 4043 omnino:
1266 3996 1340 4045 non

303 4105 391 4178 ergo
420 4081 472 4154 sic
498 4080 681 4156 videbitur
705 4092 883 4178 punctum
911 4082 947 4155 N
973 4082 1155 4156 distincte.
1206 4085 1340 4157 Remo-

303 4195 462 4269 vendum
480 4203 536 4268 est
552 4193 665 4289 igitur
683 4194 868 4291 dioptrum
886 4195 968 4268 GH
986 4196 1130 4291 longius
1156 4221 1179 4269 a
1196 4197 1339 4294 dioptro
