2864 4924
209 333 264 390 on
284 331 389 388 noco
409 331 580 391 OBJEG'H
600 331 863 408 ΛΡΡΛΒΕΝΊἜ,
879 335 967 392 Mc,
1068 323 1113 392 41

75 504 170 579 inter
182 525 235 580 se,
273 502 447 578 Sumatur
458 501 496 578 in
515 501 599 578 HK
617 511 719 578 reeta
737 503 772 578 H
787 501 827 580 M
845 502 995 604 aequalis
1006 513 1117 580 reeta
1149 537 1246 592 sacr.
1266 537 1304 594 n.

77 615 1300 722 HD‚etinlLreetalNasqualisIE5eruntqueCH,*⁶44
1417 663 1418 674 κ

76 731 181 824 ΗΜ,
208 728 316 806 simul
341 739 509 830 sumptae,
535 729 694 828 aequales
723 730 789 808 uni
814 729 901 822 OD,
927 731 1289 834 sieutCLmtnmm

76 835 1306 944 1N,simulsumpta‚aequalcsonios2sedoncat'ffim,

75 969 163 1034 sunt
172 957 265 1034 radii
276 956 400 1034 visorii
410 957 457 1032 ab
468 956 616 1054 objecto
631 955 701 1032 ΑΒ
713 956 753 1032 in
765 956 905 1034 visione
915 957 1067 1049 directa,
1078 969 1117 1034 et
1126 952 1328 1076 fflpffffiffl

75 1073 105 1146 C
119 1073 156 1148 H
173 1071 227 1165 M,
244 1071 275 1146 C
290 1070 306 1146 1
319 1070 354 1147 N
368 1079 455 1146 sunt
467 1067 562 1146 radii
571 1070 618 1146 ab
632 1069 778 1168 objecto
791 1070 921 1148 eodem
937 1071 1115 1148 translato
1127 1095 1171 1128 ων
1181 1082 1302 1144 &vasu

74 1187 113 1262 in
132 1187 166 1262 Κ
182 1185 212 1262 L
236 1184 275 1260 in
292 1183 430 1260 visione
456 1183 603 1260 reflexa.
655 1183 701 1258 Et
724 1184 881 1282 angulus
906 1185 1051 1260 visualis
1068 1185 1117 1260 ad

75 1301 105 1376 C
135 1297 328 1398 utrobique
359 1296 469 1374 idem
521 1295 731 1396 Eademque
764 1309 821 1374 est
845 1297 900 1374 vis
930 1299 1117 1376 radiorum

73 1411 362 1510 surgentiumab
382 1412 417 1487 H
436 1421 475 1486 et
492 1411 508 1487 1
525 1409 575 1486 ad
593 1409 633 1484 M
650 1419 689 1486 et
707 1410 754 1502 N,
765 1436 849 1510 quae
861 1424 919 1487 est
932 1413 1117 1490 radiorum

72 1525 351 1628 procedentium
368 1525 415 1602 ab
434 1523 564 1600 iisdem
584 1524 634 1614 H,
653 1524 669 1600 1
687 1523 735 1598 ad
753 1524 799 1616 D,
813 1525 856 1601 E.
907 1525 1118 1626 Apparebat

72 1653 197 1718 mrtem
226 1641 413 1740 objectum
447 1662 512 1740 per
546 1637 724 1714 visionem
752 1637 931 1715 directam
960 1640 999 1716 in
1017 1641 1049 1716 D
1064 1643 1115 1729 H;

72 1755 292 1832 translatum
315 1777 405 1850 ergo
423 1752 462 1830 in
481 1751 557 1828 KL
573 1751 765 1852 apparebit
790 1776 857 1852 per
881 1753 1116 1830 reflexionem

73 1869 112 1944 iu
128 1869 259 1946 eadem
275 1867 455 1944 distantia
475 1866 513 1942 in
532 1866 642 1942 rectis
659 1865 690 1941 Ο
705 1865 754 1959 H,
773 1867 832 1942 01
849 1867 1050 1966 productis,
1065 1868 1117 1944 ita

74 1995 115 2058 ut
133 1982 169 2059 H
185 1983 230 2076 D,
250 1982 308 2058 Is
326 1979 573 2080 sintaequales
591 1978 679 2080 ipsis
695 1978 799 2072 HM,
820 1979 896 2072 IN,
914 1981 953 2056 id
979 1993 1046 2074 est,
1077 1983 1116 2060 in

75 2097 171 2174 llll:
197 2095 338 2172 amdam
354 2117 444 2192 ergo
470 2104 557 2170 sunt
582 2093 719 2192 objecti
748 2094 963 2192 magnitudo
980 2107 1020 2172 et
1042 2095 1116 2172 dis-

74 2210 190 2286 tantia
205 2217 424 2310 apparentes
441 2230 507 2306 per
517 2206 755 2284 reflexionem
771 2207 810 2282 in
827 2209 976 2307 speculo
994 2210 1116 2308 plano,

75 2349 156 2422 quae
172 2324 212 2401 in
229 2322 369 2400 visione
382 2321 535 2398 directa.
586 2320 698 2398 Quod
714 2333 794 2396 erat
811 2323 1052 2420 probandum.

123 2437 246 2516 (broli
271 2459 298 2514 1.
326 2435 566 2514 Manifestum
588 2434 674 2510 hinc
697 2447 766 2526 est,
796 2436 919 2512 locum
949 2436 1116 2534 imaginis

79 2575 139 2648 per
173 2551 409 2628 reflexionem
441 2549 601 2626 eundem
628 2571 719 2641 esse,
746 2550 811 2647 qni
844 2564 942 2628 essct
971 2553 1115 2628 sublato

79 2665 234 2762 speculo,
251 2675 290 2740 et
316 2663 493 2741 tramitte
516 2664 662 2762 objecto
678 2663 898 2742 tantundem
914 2665 1013 2742 ultra
1035 2691 1115 2766 spe-

80 2779 147 2854 culi
162 2779 297 2870 laeum,
315 2802 382 2877 per
398 2778 575 2854 visionem
592 2776 782 2854 directam.

125 2891 258 2970 Coroll.
278 2914 324 2970 ιι.
360 2891 598 2969 Manifestum
628 2892 717 2968 item
743 2901 811 2984 est,
840 2892 1013 2992 deceptos
1038 2920 1116 2972 esse

79 3003 251 3082 hatenus
284 3005 480 3106 scriptores
508 3005 644 3104 opticae
666 3029 805 3098 omnes,
822 3007 885 3104 qui
908 3032 982 3083 non
1006 3009 1115 3084 modo

80 3119 270 3210 affirmant,
288 3117 354 3194 sed
384 3142 450 3217 pro
476 3118 661 3196 axiomata
687 3127 726 3194 et
759 3118 1000 3196 fundamento
1028 3121 1116 3196 doc-

79 3232 181 3308 trinm
206 3256 282 3308 suae
316 3241 528 3332 posuerunt,
563 3231 685 3308 locum
718 3231 887 3330 imaginis
920 3235 1116 3332 cujuslibet

81 3345 203 3440 puncti
216 3345 283 3422 visi
300 3368 367 3446 per
389 3345 625 3422 reflexionem
642 3367 722 3420 esse
747 3345 787 3420 in
811 3347 1115 3446 perpendiculari,
1267 3417 1271 3426 ,

80 3481 158 3554 que
175 3458 324 3536 ducitur
349 3458 396 3534 ab
413 3459 560 3557 objecto
577 3457 625 3532 ad
641 3459 871 3558 superficiem
890 3460 928 3536 in
945 3485 1019 3560 qua
1035 3487 1117 3564 spa
1148 3501 1151 3510 ·

81 3570 200 3648 culum
211 3571 325 3648 situm
336 3581 406 3663 est,
418 3570 529 3670 idque
539 3594 614 3648 non
631 3571 750 3648 solum
761 3572 800 3648 in
812 3575 968 3670 speculis
985 3577 1115 3676 planis,

81 3683 142 3758 sed
156 3683 267 3762 etiam
283 3684 323 3761 in
338 3685 511 3762 convexis
531 3693 571 3760 et
586 3684 755 3761 concavis
768 3716 778 3774 t
805 3685 844 3762 id
859 3689 960 3786 quod
975 3714 1021 3764 ex
1039 3691 1117 3790 ipsa

81 3797 196 3892 figura
212 3797 250 3875 in
269 3796 427 3898 speculis
453 3797 583 3896 planis,
601 3807 845 3896 praeterquam
862 3801 900 3878 in
918 3801 1118 3880 incidentia

81 3910 262 3988 radiorum
296 3910 601 4010 perpendiculari,
635 3910 769 3988 falsum
810 3937 890 3988 csse
925 3917 1116 3992 manifeste

80 4035 188 4120 patet.
240 4027 319 4102 lmo
332 4026 364 4100 si
381 4049 509 4102 verum
529 4035 637 4115 esset,
654 4026 801 4124 objecta
824 4030 948 4104 omnia
963 4055 1116 4130 appare-

79 4149 160 4214 reut
174 4139 213 4216 in
238 4163 325 4216 vera
353 4163 482 4216 eorum
505 4138 778 4236 magnitudin-25
804 4153 844 4218 et
870 4142 937 4235 sol,
964 4145 1028 4244 qui
1054 4171 1117 4245 ap-

81 4261 182 4344 paret
195 4251 273 4330 sirie
290 4252 438 4352 speculo
451 4251 694 4354 semipedalis,
704 4265 899 4354 appareret
918 4257 956 4334 in
967 4261 1115 4360 speculo
