2876 4908
290 287 363 354 426
718 303 905 358 numero.

90 467 378 562 sncr.111,ficet
406 491 522 567 anper
536 467 828 566 fundamentum
855 469 924 546 hoc
948 493 1091 562 aarum,
1120 481 1321 572 urgentem,

100 575 243 681 „¹2
282 579 434 678 lapides
445 583 654 682 pretiosor,
673 582 962 682 ligra,soerrum,
986 583 1180 684 stipulam,
1201 586 1319 660 nnius·

283 695 463 793 cujusque
491 719 585 794 oper
612 695 852 795 menifestum
886 697 972 772 erit.
1025 697 1070 772 Si
1103 700 1210 794 cuiue
1240 723 1326 797 epar

282 807 1326 909 rranreritqnodsuperedificavitmercedemaccipiet·

281 919 316 994 ri
334 921 439 1016 cujus
457 945 550 1018 opus
568 921 724 1010 arserit,
756 921 1015 996 detrimentum
1034 923 1226 1020 patietur,
1252 923 1328 1022 ipre

281 1042 404 1106 antem
430 1033 558 1108 acinus
586 1035 671 1108 erit.
724 1035 780 1108 Ex
810 1035 943 1132 quibus
973 1046 1078 1132 patet
1106 1059 1174 1132 per
1201 1035 1328 1110 funda-

281 1146 448 1220 mentum
490 1147 647 1244 intelligi
689 1147 884 1222 articulum
920 1148 1019 1223 hunc
1051 1149 1195 1222 lusum
1231 1171 1325 1224 usse

280 1260 530 1334 Cumsrumt
557 1283 633 1335 non
651 1259 750 1336 enim
777 1260 1092 1358 superaedificatur
1115 1285 1226 1359 super
1251 1285 1326 1359 per-

279 1395 406 1446 sonam
426 1373 576 1463 Christi,
595 1397 738 1464 aurum,
764 1385 973 1470 argentum,
999 1375 1153 1464 foenum,
1186 1375 1325 1474 stipula,

280 1485 412 1582 quibus
431 1487 687 1584 significantur
705 1487 906 1562 doctrinae:
935 1499 973 1562 ct
988 1511 1095 1585 posse
1113 1489 1225 1564 falsas
1243 1487 1324 1562 doc-

278 1599 394 1676 trinas
412 1600 654 1674 fundamento
682 1599 898 1698 superstrui,
917 1623 986 1674 nec
1005 1611 1130 1676 tamen
1157 1615 1202 1676 ut
1226 1601 1323 1676 dam·

278 1723 427 1800 nentur
447 1713 512 1810 qui
526 1737 588 1786 eas
606 1713 815 1788 docuerint

67 1841 120 1934 ele
119 1841 170 1935 ζζζ
142 1841 266 1950 2¹:302
333 1835 389 1902 10.
417 1827 622 1912 Postremo,
635 1824 734 1922 quod
744 1825 923 1900 articulus
936 1825 998 1900 rlle
1009 1827 1109 1902 solus
1121 1851 1324 1903 necessario

65 1955 159 2000 totorum
169 1959 247 2003 verm
277 1938 459 2014 tenendus
476 1939 617 2034 sitside
632 1939 794 2028 interra,
809 1937 1081 2014 evidentissime
1099 1965 1144 2014 ex
1162 1941 1325 2038 plurimis

278 2053 400 2128 Sucrae
425 2053 627 2150 Scripturae
651 2052 756 2144 locis,
771 2077 994 2150 quocunque
1011 2051 1229 2152 interprete,
1246 2079 1326 2152 prc-

275 2165 356 2240 bari
382 2177 516 2264 potest.
568 2165 653 2240 Joh.
683 2191 716 2240 v.
738 2173 815 2238 39:
843 2165 1073 2240 Scrutamini
1091 2167 1325 2266 Scripturas,

275 2279 365 2377 quia
380 2277 602 2378 perpetretis
620 2275 658 2352 irc
676 2277 773 2377 ipris
787 2277 901 2351 citam
918 2287 1100 2352 creterram
1114 2279 1274 2354 habere:
1291 2289 1324 2352 et

275 2390 352 2466 ilice
368 2401 466 2482 sert,
484 2414 565 2488 qeoe
586 2387 791 2488 perhibent
814 2389 1064 2464 testimoninm
1080 2391 1129 2466 de
1146 2417 1216 2466 me.
1270 2393 1324 2467 ln·

275 2505 410 2601 telligit
427 2514 551 2578 autem
563 2503 732 2576 Christus
751 2501 961 2600 Scripturas
974 2503 1086 2578 solius
1098 2503 1325 2580 Testamenti

275 2617 444 2693 Veteris:
462 2617 628 2692 nondum
646 2617 744 2692 enim
764 2615 942 2714 scriptum
957 2628 1037 2691 erat
1049 2617 1327 2694 Testamentum

274 2733 435 2806 Novum.
486 2731 570 2804 Jam
587 2753 675 2803 vero
694 2727 946 2802 testimonium
965 2728 1011 2802 de
1029 2729 1182 2806 Christo
1200 2733 1241 2806 in
1258 2733 1326 2806 Ve-

275 2844 346 2920 teri
370 2846 611 2920 Testamento
628 2841 772 2917 nullum
798 2841 900 2916 aliud
927 2853 1059 2933 exstat,
1077 2856 1326 2944 praeterquam

274 2958 374 3055 quod
390 2970 569 3034 venturus
586 2967 666 3030 erat
688 2979 754 3030 rex
781 2966 955 3046 aeternus,
973 2955 1039 3030 tali
1065 2956 1160 3047 loco,
1190 2957 1326 3033 talibus

272 3070 488 3169 parentibus
506 3071 728 3160 nasciturus,
746 3067 837 3143 talia
865 3068 1043 3144 docturus
1072 3081 1110 3144 et
1131 3069 1325 3156 factunm

273 3184 405 3280 quibus
433 3186 541 3260 rebus
567 3196 610 3259 ut
636 3181 750 3282 signis
780 3181 1054 3280 dignoscendus
1084 3193 1175 3258 erat.
1232 3185 1325 3261 Qnae

273 3297 397 3371 omnia
425 3298 498 3373 hoc
523 3321 639 3372 unum
667 3307 864 3384 testantur,
887 3297 1042 3388 Jnsum,
1060 3296 1124 3394 qui
1142 3295 1197 3371 ita
1213 3309 1325 3373 natus

271 3435 316 3486 ea
333 3410 501 3485 docuerit
519 3422 557 3485 et
572 3411 714 3500 fecerit,
734 3433 812 3484 esse
832 3409 1069 3485 Caeterum.
1106 3409 1193 3486 Alia
1210 3411 1324 3510 igitur

269 3525 361 3600 fides
395 3524 444 3600 ad
473 3523 588 3606 vitam
617 3535 796 3598 aeternam
824 3533 962 3619 praeter
988 3523 1093 3598 illum
1124 3525 1323 3600 articulum

269 3664 347 3715 non
364 3636 632 3738 requirebatur.
674 3637 696 3710 J
699 3637 760 3712 oh.
775 3635 825 3711 xi.
840 3645 889 3712 26
903 3664 911 3708 ε
943 3635 1082 3729 Omnis,
1097 3637 1163 3736 qni
1180 3637 1273 3714 civit
1285 3647 1322 3712 et

271 3753 394 3828 credit
419 3753 457 3828 irr
482 3777 550 3842 me,
568 3774 640 3826 ror
659 3749 841 3825 morietur
859 3749 898 3826 irc
915 3757 1107 3825 ceterarum.
1161 3750 1321 3826 Credere

270 3880 395 3944 autem
422 3867 462 3942 iu
487 3867 627 3955 Jesum,
657 3876 701 3938 ut
727 3862 865 3939 ibidem
893 3863 1111 3960 explicatur,
1134 3862 1236 3938 idem
1266 3875 1320 3938 est

271 3981 372 4080 quod
391 3979 540 4054 credere
558 3979 580 4052 J
584 3999 700 4052 nsum
721 3999 823 4052 nssn
843 3976 1081 4052 Caarsrum.
1137 3977 1214 4053 Qui
1231 4001 1317 4074 ergo

269 4095 309 4169 id
326 4093 454 4184 credit,
471 4117 546 4166 non
564 4089 744 4165 morietur
772 4089 811 4164 in
837 4101 1040 4175 aetcrnum3
1067 4101 1106 4166 et
1131 4113 1200 4187 per
1231 4115 1315 4164 con·

270 4231 439 4306 sequane,
457 4204 632 4280 articulus
649 4203 711 4277 ille
729 4203 828 4280 solus
845 4213 902 4278 est
919 4202 1135 4280 adsalutem
1149 4225 1313 4280 necessa·
