2834 4912
272 289 338 358 166
688 305 910 388 ¹nrtuuurns.

73 507 170 560 sace,
182 503 235 561 ur.
265 494 351 548 vero
368 471 416 548 ab
428 471 531 548 ineni
543 471 600 548 sni
611 471 854 548 aestimatione
867 471 1046 560 derivant,
1060 471 1092 549 si
1104 471 1219 548 addas
1232 472 1310 569 jam

82 585 224 694 ,ζμ
260 586 322 682 jus
339 585 501 660 omniurn
519 585 559 662 in
576 585 710 677 omnia,
728 609 801 683 quo
825 585 918 661 alter
931 587 1023 682 jere
1045 585 1198 678 invadit,
1216 585 1310 660 alter
1412 573 1413 592 ¹

255 700 348 796 jure
361 698 1309 796 resistit,atquequuooriunturomniumadversns

265 836 392 887 omnes
415 825 603 910 perpetum
626 812 849 910 suspiciones
873 824 911 887 et
934 812 1109 902 studium,
1132 823 1170 887 et
1195 836 1309 910 quam

265 925 411 1002 difficile
429 927 477 1002 sit
493 949 700 1023 praecavere
712 926 836 1002 hostes
849 950 963 1024 parvo
977 949 1131 1003 numero
1145 935 1184 1002 et
1196 950 1308 1024 appa-

263 1049 358 1130 ratu,
377 1061 463 1112 curn
487 1038 609 1115 animo
635 1063 703 1114 nos
729 1039 976 1136 praevertendi
1003 1038 1310 1138 opprimendique

262 1151 487 1243 invadentes,
500 1151 628 1250 negari
641 1177 718 1227 non
729 1162 863 1250 potest,
879 1153 968 1251 quin
981 1163 1097 1228 status
1114 1153 1307 1228 hominum

261 1264 438 1340 naturalis
461 1275 658 1362 antequam
681 1265 720 1339 in
745 1265 958 1340 societatem
978 1266 1150 1356 coiretur,
1168 1265 1308 1340 bellum

261 1378 395 1464 fuerit3
420 1401 540 1475 neque
562 1378 633 1454 hoc
652 1377 882 1476 simpliciter,
901 1378 965 1454 sed
986 1379 1125 1454 bellum
1141 1379 1307 1454 omnium

50 1511 208 1571 &moerus
262 1492 301 1568 in
318 1515 456 1566 omnes.
508 1491 683 1568 Burnum
701 1491 798 1566 enim
816 1491 989 1590 quidest,
1008 1503 1145 1590 praeter
1161 1504 1310 1591 tempus

48 1577 190 1624 “mm
262 1605 364 1693 illud,
381 1605 421 1680 in
438 1627 510 1702 quo
526 1604 696 1678 voluntas
717 1604 883 1680 certandi
905 1629 972 1702 per
993 1605 1069 1680 vim
1090 1605 1212 1680 verbis
1229 1607 1306 1681 fac-
1414 1599 1415 1654 Γ

260 1718 353 1794 tisve
388 1717 477 1792 satis
511 1716 743 1792 declaratur?
807 1719 967 1817 Tempus
1000 1717 1183 1816 reliquum
1218 1720 1304 1794 Pax

259 1843 424 1909 vocatur.

47 1955 135 2002 ΝΜ
145 1971 229 2004 mm
314 1955 371 2022 1³.
389 1945 659 2044 Sempiternum
670 1956 795 2019 autem
807 1943 942 2019 bellum
957 1967 1066 2042 quam
1079 1968 1211 2042 pamm
1225 1945 1306 2020 ido-

44 2021 247 2136 lfflffld?
259 2083 330 2134 nea
345 2082 404 2133 res
422 2057 470 2133 sit
492 2058 541 2133 ad
561 2055 875 2133 conservationem
894 2056 953 2132 vel
972 2058 1125 2133 humani
1144 2060 1302 2156 generis,

256 2173 316 2248 vel
332 2170 704 2269 uniuscujuscunque
719 2171 890 2262 hominis,
903 2171 1011 2246 facile
1024 2171 1226 2268 judicatur.
1253 2173 1303 2246 At

257 2307 324 2360 sua
340 2295 473 2359 natans
490 2283 751 2383 sempiternum
769 2294 838 2373 est,
857 2283 958 2382 quod
980 2307 1058 2381 prae
1079 2284 1301 2359 certantium

256 2397 465 2497 aequalitate
489 2398 644 2473 victoria
669 2396 770 2472 nulla
792 2407 914 2494 potest
934 2397 1055 2483 finiri;
1082 2397 1122 2472 in
1139 2423 1185 2472 eo
1203 2399 1301 2472 enim

254 2511 342 2608 ipsis
358 2511 560 2588 victoribus
573 2509 776 2609 periculum
794 2533 937 2607 semper
949 2510 1041 2585 adeo
1059 2510 1241 2604 imminet,
1258 2525 1303 2586 ut

252 2648 322 2721 pro
339 2625 515 2700 miraculo
531 2625 658 2700 haberi
675 2623 819 2715 debeat,
833 2622 863 2698 ei
877 2623 970 2720 quis,
985 2646 1209 2722 quamquam
1225 2625 1301 2700 for·

253 2738 427 2830 tissimus,
439 2739 545 2815 annis
558 2750 597 2812 et
610 2746 799 2812 senectute
808 2735 1057 2811 conficiendus
1070 2736 1131 2810 sit.
1166 2737 1302 2812 Exem-

251 2854 355 2950 plum
365 2853 450 2928 hnic
463 2853 517 2927 rei
528 2850 702 2932 saeculum
713 2873 873 2948 praesens
884 2848 1122 2924 Americanos
1132 2851 1302 2938 exhibet;

253 2966 388 3040 saecula
404 2967 555 3063 antiqua
568 2978 720 3040 caeteras
737 2974 878 3062 gentes,
893 2987 992 3036 nunc
1006 2962 1154 3060 quidem
1173 2963 1301 3040 civiles

253 3079 509 3177 florentesque,
535 3088 625 3153 tunc
649 3101 737 3152 vero
760 3099 910 3174 paucos,
933 3075 1042 3168 feros,
1065 3076 1189 3152 brevis
1215 3079 1298 3170 aevi,

252 3215 442 3290 pauperes,
459 3191 591 3282 foedos,
605 3190 706 3266 omni
722 3214 766 3265 eo
783 3190 869 3264 vitae
887 3187 1016 3264 solatio
1034 3201 1146 3287 atque
1164 3203 1301 3267 ornatu

253 3316 430 3396 carentes,
456 3327 564 3401 quem
587 3328 660 3401 pax
683 3315 722 3378 et
747 3302 903 3378 societas
929 3302 1137 3378 ministrare
1165 3306 1299 3380 solent.

252 3417 486 3514 Quicumque
503 3417 616 3515 igitur
633 3415 854 3490 manendum
872 3415 911 3489 in
929 3439 973 3490 eo
986 3427 1085 3490 statu
1098 3421 1297 3512 censuerit,

251 3531 288 3604 in
308 3555 380 3628 quo
398 3531 522 3605 omnia
544 3529 680 3604 liceant
703 3530 884 3622 omnibus,
909 3531 1130 3605 contradicit
1147 3531 1300 3608 sibimet

249 3645 331 3741 ipsi.
366 3645 463 3718 Nam
480 3643 729 3741 unusquisque
745 3642 903 3718 naturali
920 3643 1138 3719 necessitate
1155 3645 1296 3722 bonum

250 3757 319 3832 sibi
342 3757 494 3856 appetit,
519 3779 641 3854 neque
665 3766 720 3831 est
744 3756 935 3853 quisquam
960 3757 1021 3853 qui
1038 3758 1177 3833 bellum
1195 3759 1297 3835 istud

249 3873 413 3947 omniurn
431 3881 561 3945 contra
584 3894 722 3958 omnes,
740 3869 839 3967 quod
862 3870 928 3944 tali
946 3871 1057 3944 statui
1075 3873 1300 3948 naturaliter

248 3983 423 4076 adhaeret,
435 3983 503 4058 sibi
514 3983 700 4057 existimat
711 3983 947 4056 essebonum.
962 3983 1086 4080 Atque
1097 3983 1149 4058 ita
1158 3987 1297 4076 evenit,

246 4109 290 4172 ut
306 4109 435 4172 mutuo
452 4106 587 4172 metue
606 4095 671 4171 tali
688 4107 788 4170 statu
800 4095 1008 4170 exeundum
1020 4107 1059 4170 et
1073 4101 1297 4193 quaerendos

248 4211 364 4285 socios
381 4222 572 4309 putemus;
591 4222 634 4284 ut
647 4210 677 4284 si
690 4209 827 4284 bellum
843 4209 1053 4284 habendum
1071 4209 1130 4301 sit,
1150 4213 1294 4288 nonsit

247 4336 372 4399 tamen
391 4334 519 4399 contra
538 4347 674 4416 omncs,
693 4347 760 4396 nec
779 4323 856 4396 sine
874 4322 1029 4398 auxiliis.
