2904 4912
308 308 379 374 404
734 317 921 371 nnnroro.

113 523 210 574 sm,
225 523 278 576 111,
307 487 475 585 amplius,
506 484 723 583 poenitentia
752 495 821 559 est.
877 485 999 582 Atque
1029 486 1101 558 hoc
1131 484 1243 557 modo
1269 506 1358 557 vera
1443 489 1444 506 ¹

123 601 267 704 ss
307 599 527 698 poenitentia
544 609 608 672 aut
624 610 780 688 nonest,
794 610 860 671 cut
877 597 1144 671 confessionem
1156 621 1235 670 non
1253 607 1359 671 ante·

97 741 287 816 rampo„
309 712 409 788 cedit
438 712 504 786 sed
534 712 710 807 sequitur.
763 711 833 784 His
867 712 920 784 ita
953 711 1159 807 explicatiS,
1190 735 1265 783 non
1303 719 1360 782 est
1443 743 1444 746 ¹

96 809 282 922 ffiffiffi
308 827 499 901 intellectu
513 825 673 915 difficile,
688 825 804 920 qualis
818 825 882 897 illc
895 824 944 898 sit
955 835 1119 921 potestas
1132 823 1305 896 eoboendc'
1322 832 1360 894 et

97 949 142 980 ”⁰¹¹
157 933 282 994 ΨΜ·
309 939 472 1040 ligandi.
525 939 618 1012 Cum
645 938 743 1011 enim
768 938 808 1011 in
834 938 1048 1012 remissione
1072 938 1147 1011 duo
1175 937 1274 1010 sint:
1305 935 1359 1008 al·

97 1013 136 1044 um
155 998 269 1050 retinendi,

98 1069 195 1122 nectare
202 1064 231 1107 ad
237 1075 284 1119 rr*
310 1064 442 1143 terum,
451 1052 636 1148 judiciem
650 1052 725 1124 sive
739 1051 1005 1140 condemnatio,
1020 1075 1094 1146 qua
1110 1050 1252 1123 factum
1262 1049 1360 1146 judi-

99 1133 168 1172 tores:
192 1127 231 1172 sed
246 1127 273 1170 de

98 1193 230 1252 penitentia
245 1193 281 1250 jc
312 1179 418 1240 catur
446 1188 524 1239 esse
550 1176 766 1261 peccatum;
798 1164 967 1255 alterum,
997 1165 1062 1237 ubi
1093 1163 1360 1238 condemnatus

99 1257 271 1367 {mm
309 1279 449 1377 judicio
480 1277 716 1374 acquiescens
742 1276 956 1366 obediverit,
983 1276 1022 1350 id
1046 1286 1114 1366 est,
1131 1277 1360 1372 poenituerit,

305 1392 460 1491 peccati
483 1391 666 1481 remissio,
682 1391 742 1464 vel
767 1391 799 1464 si
824 1415 899 1463 non
923 1391 1151 1487 poenituerit,
1177 1389 1361 1462 retentio:

312 1506 472 1601 primum
489 1528 629 1594 eorum,
644 1503 684 1577 id
701 1515 769 1593 est,
779 1504 947 1600 judicare
964 1528 1013 1576 an
1030 1505 1078 1577 sit
1094 1515 1304 1600 peccatum,
1315 1502 1363 1574 ad

314 1617 554 1717 interpretem
569 1616 679 1716 legio,
694 1616 733 1691 id
750 1630 817 1707 est,
827 1617 994 1712 judicem
1010 1641 1182 1690 remmam
1191 1645 1207 1700 ;
1235 1639 1364 1689 secun-

315 1731 414 1820 dum,
431 1730 596 1803 remissio
613 1731 672 1803 vel
689 1730 847 1804 retentio
864 1730 1009 1826 peccati
1025 1731 1190 1826 pertinet
1207 1729 1258 1802 ad
1266 1753 1363 1827 pcc-

315 1855 429 1917 torem
440 1871 455 1927 ,·
492 1852 530 1917 et
557 1854 613 1916 est
639 1842 703 1916 illa
730 1843 821 1939 ipsa,
853 1841 898 1914 de
927 1867 1000 1938 qua
1026 1843 1161 1938 agitur,
1185 1851 1363 1940 potestas

250 1965 252 1970 '
315 1956 466 2055 ligandi
500 1968 538 2029 et
571 1955 749 2029 solvendi.
801 1955 924 2052 Atque
958 1957 1054 2030 hauc
1088 1979 1216 2028 veram
1250 1955 1364 2028 fuisse

315 2068 534 2141 sententiam
564 2068 681 2140 nostri
717 2067 921 2140 servatoris
956 2067 995 2141 in
1030 2066 1210 2164 ejusmodi
1241 2077 1363 2164 potes-

315 2181 403 2253 tatis
428 2179 672 2269 institutione,
704 2205 749 2252 ex
779 2180 915 2253 Matth.
940 2180 1039 2254 xviii.
1069 2189 1195 2266 15-18,
1221 2180 1276 2252 sic
1302 2203 1365 2275 op-

315 2305 432 2389 paret.
485 2291 692 2388 Discipulos
710 2293 920 2389 alloquens:
947 2293 983 2366 ci
988 2293 1220 2392 peccaverit,
1232 2293 1364 2389 inquit,

316 2405 354 2477 ic
380 2415 415 2477 te
425 2405 565 2502 frater
590 2415 682 2495 teas,
706 2406 802 2478 cade
827 2415 865 2478 et
889 2406 1041 2504 corripe
1063 2431 1141 2478 eam
1158 2405 1259 2478 inter
1278 2414 1366 2478 teet

318 2518 438 2616 isicem
455 2516 594 2590 colem:
630 2517 850 2612 (notandum
868 2518 988 2592 obiter
1005 2529 1073 2609 est,
1093 2518 1128 2590 ci
1146 2518 1367 2616 peccaverit

318 2631 357 2704 io
386 2639 432 2720 te,
458 2630 557 2702 idem
592 2654 671 2704 esse
707 2631 807 2726 quod
840 2631 875 2702 ei
909 2631 1085 2725 injuriam
1120 2630 1188 2703 tibi
1203 2631 1366 2728 fecerit,

318 2741 475 2838 ideoque
502 2742 603 2838 loqui
631 2743 818 2816 Christum
845 2742 890 2815 de
915 2742 970 2828 iis,
998 2767 1081 2838 quoe
1105 2743 1296 2839 pertinent
1320 2742 1367 2815 ad

319 2854 489 2928 tribunal
503 2855 626 2950 eicite)
643 2884 652 2927 ι
684 2856 800 2945 addit,
818 2855 853 2928 oi
872 2865 908 2928 te
924 2881 996 2929 con
1014 2856 1191 2945 audierit,
1209 2857 1283 2930 hoc
1299 2868 1366 2945 est,
1443 2899 1444 2922 t

320 2969 351 3041 si
368 2979 479 3065 neget
504 2967 647 3057 fecisse,
665 2969 724 3042 vel
743 2969 774 3042 si
791 2968 931 3042 factum
957 2968 1143 3042 confessus
1161 2969 1295 3043 fecisse
1312 2969 1368 3040 in-

316 3084 417 3178 juste
443 3093 565 3178 neget,
584 3081 721 3154 adhibe
746 3091 861 3153 tecam
887 3081 1009 3154 adhuc
1033 3106 1140 3153 eoem
1165 3092 1234 3154 cat
1253 3081 1368 3154 deos:

320 3194 481 3292 quodsi
511 3194 577 3267 hoc
607 3219 679 3268 coe
714 3195 892 3283 audierit,
922 3194 1189 3268 deecclesia.
1244 3195 1369 3270 Quare

320 3317 444 3380 autem
470 3307 649 3397 eeclesia,
666 3307 738 3381 nisi
763 3319 805 3380 ut
830 3307 911 3403 ipsa
933 3307 1076 3402 judicet
1101 3332 1149 3380 an
1175 3318 1370 3403 peccatum

321 3421 369 3494 sit
394 3419 536 3493 necne?
592 3421 759 3505 Quodsi
784 3420 978 3493 eccleciam
1003 3445 1075 3516 noc
1099 3419 1280 3511 audierit,
1301 3421 1371 3492 hoc

322 3544 388 3622 est,
407 3534 438 3606 si
455 3532 648 3606 sententiae
666 3532 830 3607 ecclesie
854 3557 929 3606 non
949 3533 1187 3627 acquieverit,
1209 3532 1278 3605 sed
1294 3555 1372 3604 sus-

322 3646 476 3719 tinuerit
493 3670 569 3718 non
587 3668 666 3718 esse
681 3655 887 3741 peccatum,
900 3646 1060 3742 quod‘ea
1076 3656 1276 3741 peccatum
1294 3667 1372 3717 esse

319 3758 552 3854 judicaverit,
570 3757 642 3831 hoc
660 3769 728 3848 est,
753 3758 783 3830 si
808 3782 884 3831 non
903 3757 1141 3853 poenituerit3
1172 3758 1277 3850 (nom
1295 3780 1373 3830 cer-

323 3882 404 3944 tum
429 3880 488 3943 est
511 3869 690 3965 poenitere
715 3868 805 3943 facti
826 3870 1023 3958 neminem,
1042 3868 1141 3964 quod
1154 3893 1232 3942 non
1250 3868 1374 3943 existi-

324 3994 401 4058 mat
427 4007 505 4057 esse
530 3983 765 4079 peccatum);
792 4007 868 4057 non
892 3982 995 4072 dicit,
1015 3982 1076 4055 dic
1093 3982 1307 4080 apostolic;
1334 3993 1375 4054 ut

325 4097 494 4186 sciamus,
527 4097 747 4170 sententiam
779 4096 1006 4170 definitivam
1030 4096 1069 4168 in
1095 4096 1301 4190 quaestione
1325 4119 1375 4168 an

324 4209 373 4282 sit
389 4220 583 4306 peccatum
596 4233 725 4300 neone,
739 4209 896 4305 relinqui
913 4234 990 4283 non
1003 4208 1086 4301 illis,
1100 4209 1166 4282 sed
1178 4209 1346 4284 ecclesie
1359 4237 1373 4294 ‚·
