2918 4912
309 305 382 371 230
427 361 432 370 ,
708 327 935 382 rurumun.

114 517 211 568 suar.
226 518 279 567 111.
309 499 345 561 et
362 491 644 566 matrimonium.
673 495 803 590 Neque
817 497 920 570 addit
935 499 1217 594 quibuscunque
1235 499 1357 594 pactis

125 595 267 700 ,L
307 601 444 677 illicitis
462 605 688 681 validitatem
713 609 838 700 ullam,
858 612 959 706 quod
982 612 1083 685 facta
1109 612 1250 686 fuerint
1271 637 1361 685 cum

305 717 574 813 jurajuranda*
595 733 660 794 aut
688 736 946 797 sacramento:
977 725 1070 798 nihil
1098 726 1196 798 enim
1216 725 1360 798 addunt

307 829 388 904 haec
404 845 596 929 pactorum
622 827 799 927 firmitati,
817 850 862 910 ut
887 838 1028 911 dictum
1056 863 1169 935 supra
1196 850 1253 912 est
1280 863 1359 933 cap.

311 967 356 1018 11.
375 947 529 1023 articulo
547 960 605 1024 22.
659 951 760 1026 auid
782 952 897 1047 igitur
908 952 1074 1050 sartum,
1094 952 1184 1047 quid
1210 952 1360 1024 homici-

310 1059 421 1151 dium,
449 1063 538 1158 quid
564 1064 803 1155 adulterium,
827 1076 865 1138 et
891 1065 931 1137 iu
955 1066 1166 1138 universum
1194 1065 1287 1162 quid
1313 1066 1359 1138 sit

310 1171 463 1268 injurio,
478 1176 712 1272 cognoscitur
729 1201 774 1250 ex
792 1177 878 1276 lege
892 1177 1006 1267 ciuili,
1021 1179 1092 1252 hoc
1109 1193 1177 1266 est,
1192 1203 1238 1250 ex
1257 1203 1359 1251 man-

311 1287 406 1360 datis
423 1289 501 1384 ejus
519 1291 580 1386 qui
598 1290 803 1364 incivitate
821 1316 904 1365 cum
922 1317 1058 1364 summo
1077 1293 1238 1390 imperio
1258 1305 1324 1365 est.

116 1409 196 1466 01111110
205 1420 281 1450 ⁰⁰¹¹¹¹¹¹
365 1405 421 1484 17.
448 1402 552 1475 Adeo
567 1404 699 1476 durum
712 1405 880 1478 maximae
893 1406 991 1500 parti
1003 1405 1195 1478 hominum
1207 1405 1356 1479 videtur

116 1477 299 1583 iililfflu
311 1537 389 1585 esse
414 1539 586 1586 rammam
602 1515 674 1587 hoc
693 1515 888 1614 imperinm
906 1528 944 1590 et
966 1518 1143 1616 potentio
1172 1517 1358 1608 absoluta,

115 1604 167 1655 lent,
194 1603 232 1644 ubi
255 1615 300 1644 non

116 1673 172 1712 ΒΜ
185 1667 300 1725 quim,
312 1637 354 1700 ut
383 1628 463 1723 ipsa
491 1628 601 1701 etiam
631 1629 780 1701 uomina
809 1630 966 1704 oderint.
1017 1631 1061 1704 ld
1091 1630 1191 1727 quod
1223 1631 1360 1704 accidit

116 1747 168 1777 ⁰⁰¹³
195 1731 292 1790 ¹³⁰¹⁴³¹¹l⁸
313 1740 470 1813 maxime
495 1765 562 1836 per
591 1741 773 1814 inscitiam
790 1742 958 1814 hamame
987 1754 1135 1816 aarum
1163 1755 1202 1815 et
1233 1744 1358 1842 legum

117 1798 222 1843 absoluta.

313 1852 571 1937 naturalium
595 1855 732 1950 partim
751 1868 875 1928 autem
901 1856 1012 1928 etiam
1033 1881 1099 1952 per
1123 1881 1253 1930 eorum
1285 1859 1358 1930 cul-

312 1993 409 2064 pam,
429 1968 491 2063 qui
510 1992 593 2040 cum
610 1968 649 2040 iu
665 1969 731 2041 tali
748 1968 902 2065 imperio
920 1971 1114 2042 constituti
1131 1971 1218 2059 siut,
1236 1982 1358 2066 potes-

312 2093 389 2155 tate
419 2106 485 2154 sua
511 2081 560 2154 ad
593 2083 779 2178 propriam
813 2082 1008 2162 libidinem,
1037 2085 1255 2157 abutuntur.
1310 2085 1359 2156 Ut

312 2195 455 2291 fugiant
472 2196 585 2291 igitur
602 2196 811 2292 hujusmodi
829 2222 1004 2269 summam
1016 2207 1265 2294 potestatem,
1284 2198 1361 2294 qui-

315 2308 399 2381 dam
412 2332 537 2381 eorum
549 2309 736 2382 civitatem
748 2308 835 2381 satis
848 2321 948 2382 recte
962 2309 1203 2381 constitutam
1216 2310 1359 2400 volunt,

315 2421 345 2495 si
363 2422 427 2511 illi,
442 2422 506 2517 qui
524 2423 620 2495 cives
637 2423 751 2495 futuri
769 2433 865 2511 sunt,
878 2433 1065 2511 coeuntes
1080 2421 1126 2494 de
1140 2423 1253 2496 certis
1272 2425 1361 2498 arti-

356 2684 374 2717 *
391 2675 472 2743 Quod
486 2675 575 2750 sacta
599 2682 667 2734 eunt
691 2695 753 2732 cmm
770 2673 972 2751 jurejurando,
1001 2679 1053 2730 aut
1075 2679 1267 2744 sacramento,
1292 2674 1358 2749 ota]

317 2767 422 2826 Utrum
436 2769 648 2826 matrimonium
667 2775 877 2826 sacramentum
890 2768 935 2835 sit,
951 2784 1010 2842 quo
1023 2784 1108 2823 sensu
1122 2783 1157 2822 ea
1176 2784 1236 2824 vox
1250 2784 1269 2822 1
1282 2767 1361 2824 theo·

314 2859 388 2936 logis
414 2868 576 2935 usurpatur,
598 2879 635 2917 111
658 2879 715 2918 uon
739 2861 784 2930 sit,
808 2877 865 2916 non
890 2867 933 2916 est
953 2857 1038 2934 hujus
1058 2858 1182 2915 instituti
1205 2858 1361 2934 disputare.

316 2950 441 3009 Tantum
468 2951 542 3020 dico,
569 2952 623 3008 viri
650 2959 679 3008 et
705 2951 831 3008 mulieris
854 2951 891 3008 ad
912 2950 1154 3007 cohabitationem
1169 2953 1361 3006 'contractum

315 3043 483 3119 legitimum,
501 3044 531 3100 id
545 3051 595 3114 est,
609 3044 673 3119 lege
697 3044 773 3100 civili
787 3062 964 3109 concessum,
979 3043 1038 3099 sive
1057 3049 1272 3099 sacramentum
1287 3042 1361 3098 idem

307 3135 362 3200 sit,
375 3136 435 3192 sive
448 3154 504 3192 nou
519 3137 564 3204 sit,
585 3146 662 3194 certe
684 3155 744 3193 esse
764 3135 977 3193 matrimonium
990 3134 1168 3209 legitimum:
1190 3133 1361 3192 cohabitati-

317 3244 401 3282 onem
414 3236 509 3284 autem
524 3227 637 3303 qualem
651 3235 702 3285 aut
715 3229 789 3284 inter
808 3245 880 3302 quos
902 3227 1001 3283 civitas
1019 3225 1082 3282 fieri
1104 3224 1250 3300 prohibet,
1259 3226 1361 3282 'matri-

317 3319 445 3374 monium
458 3336 514 3375 non
526 3337 595 3388 esse,
606 3337 672 3376 cum
682 3320 719 3376 sit
732 3318 768 3376 de
781 3318 903 3376 essentia
912 3317 1095 3381 matrimonii,
1103 3323 1136 3372 ut
1144 3317 1183 3373 eit
1196 3324 1362 3376 contractus

317 3409 469 3485 legitimus.
510 3409 698 3468 Matrimonia
720 3410 838 3467 luerunt
857 3409 986 3486 legitima
1006 3408 1154 3484 permultis
1177 3409 1208 3464 in
1232 3409 1316 3478 locis,
1331 3417 1362 3466 ut

319 3501 395 3576 apud
416 3499 542 3570 ludaeos,
570 3502 698 3569 Graecos‚
726 3501 880 3568 Romanos,
908 3519 973 3576 quae
1000 3508 1094 3557 tamen
1121 3500 1194 3557 solvi
1218 3510 1361 3576 poterant.

318 3592 409 3668 Apud
422 3612 471 3650 eos
483 3602 579 3651 autem
588 3594 638 3669 qui
652 3611 708 3650 non
719 3594 889 3668 permittunt
901 3591 1064 3670 hujusmodi
1074 3599 1249 3661 contractus,
1264 3595 1364 3650 nisiae

318 3687 382 3761 lege
405 3694 438 3743 ut
460 3703 607 3761 nunquam
627 3684 825 3752 dissolvantur,
839 3684 1052 3740 matrimonium
1067 3684 1140 3741 solvi
1162 3684 1284 3758 quidem
1306 3704 1363 3742 uon

318 3786 430 3854 potest;
451 3786 480 3835 et
497 3777 570 3835 ratio
584 3785 635 3846 est,
655 3777 733 3853 quod
758 3777 857 3834 civitas
880 3775 951 3833 illud
972 3775 1092 3834 solubile
1105 3775 1168 3832 fieri
1186 3778 1291 3844 vetuit,
1305 3795 1362 3834 nou

319 3871 397 3948 quod
405 3870 618 3928 matrimonium
631 3870 668 3926 sit
681 3877 898 3926 sacramentum.
938 3868 1041 3944 Itaque
1050 3869 1127 3926 circa
1136 3869 1361 3938 matrimonium,

319 3964 483 4038 nuptiarum
498 3963 675 4030 cerimonias,
689 3981 754 4039 quae
769 3962 919 4038 intemplo
938 3961 1109 4037 peragenda
1122 3968 1197 4030 sunt,
1213 3981 1362 4038 peragere,

320 4058 489 4134 conjugibus
502 4057 681 4122 benedicere,
691 4056 744 4126 vel,
754 4056 778 4113 si
789 4056 829 4112 ita
839 4055 991 4111 dicendum
1006 4060 1057 4120 est,
1071 4071 1119 4109 eos
1132 4070 1312 4122 consecrare,
1325 4052 1361 4109 ad

320 4149 525 4208 ecclesiasticos
540 4147 657 4206 fortusse
667 4147 742 4205 solos
753 4147 926 4224 pertinebit3
946 4154 1050 4203 caetera
1063 4146 1167 4213 omnia,
1183 4163 1289 4222 nempe
1302 4145 1359 4220 qui,

321 4239 444 4318 quaudo,
459 4242 563 4312 quibus
575 4242 666 4318 pactis
680 4241 860 4299 matrimonia
872 4238 951 4309 fiant,
965 4256 1052 4314 penes
1063 4238 1140 4314 leges
1151 4237 1277 4298 civitatis
1286 4243 1357 4298 sunt
