2904 4916
125 533 222 586 sacr.
239 533 290 586 111.

133 611 277 720 :L

108 2230 136 2276 in
146 2244 202 2292 quos
213 2232 274 2278 Dour

107 2296 194 2350 dicotur
209 2311 300 2358 mgnoro

323 315 395 383 332
750 327 937 384 nuuroro.

322 522 404 598 quae
421 497 605 574 mandatis
622 495 693 572 Dei
710 519 786 571 non
803 507 1037 595 repugneut3
1065 496 1103 572 in
1122 495 1374 573 antecedenti-

320 613 389 688 bus
407 625 444 688 et
461 611 604 687 ratione
617 621 654 686 et
672 609 795 685 Sacrae
814 609 1015 709 Scripturae
1028 611 1252 687 testimoniis
1270 634 1373 686 com-

320 727 518 826 probatum
553 736 619 800 est.
672 723 785 799 Deest
816 723 865 798 ad
900 723 1084 822 integram
1114 725 1232 800 civilis
1262 717 1372 800 officii

321 839 571 940 cognitionem
589 839 660 913 hoc
676 837 839 928 unicum,
853 849 897 911 ut
912 837 1070 912 sciamus
1085 862 1168 935 quae
1182 837 1258 913 sint
1271 837 1372 934 leges

321 955 397 1030 sive
424 951 600 1028 mandata
622 951 703 1027 Dei.
755 951 874 1026 Aliter
901 950 999 1026 enim
1026 950 1112 1026 sciri
1134 974 1212 1026 non
1235 961 1371 1049 potest,

321 1081 446 1144 utrum
467 1090 522 1157 ea,
541 1090 622 1164 quae
637 1066 812 1162 jubemur
832 1065 955 1140 facere
976 1065 1198 1141 auctoritate
1226 1063 1371 1162 imperii

321 1181 450 1274 civilis,
469 1180 543 1254 sint
561 1190 691 1254 contra
710 1179 809 1276 leges
826 1176 908 1270 Dei,
927 1201 1056 1252 necne.
1108 1178 1164 1252 Ex
1186 1201 1262 1276 quo
1287 1201 1373 1252 con·

320 1295 464 1393 tingere
489 1315 637 1367 necesse
664 1303 731 1384 est,
756 1302 800 1367 ut
816 1290 887 1384 vel,
905 1290 1021 1366 nimia
1044 1290 1259 1366 obedientia
1285 1315 1373 1390 erga

320 1408 519 1499 civitatem,
534 1416 771 1482 contumaces
789 1406 901 1481 simus
919 1428 1009 1504 erga
1024 1407 1260 1502 majestatem
1279 1404 1370 1480 divi·

319 1545 427 1607 nam;
453 1519 523 1610 vel,
541 1531 643 1595 metu
666 1518 847 1619 peccandi
864 1519 903 1594 in
928 1519 1063 1611 Deum,
1081 1519 1317 1594 incurramus
1334 1519 1370 1592 in

320 1633 590 1709 contumaciam
614 1657 703 1733 erga
728 1633 927 1709 civitatem.
981 1632 1034 1708 Ut
1052 1642 1254 1732 utrumque
1274 1633 1369 1707 huuc

320 1745 511 1846 scopulum
525 1747 753 1844 effugiamus,
765 1745 972 1821 necessaria
988 1756 1044 1821 est
1061 1745 1227 1843 cognitio
1244 1746 1367 1844 legum

320 1861 537 1937 divinarum.
591 1860 777 1944 Quoniam
792 1883 881 1935 vero
899 1859 1024 1957 legum
1042 1858 1208 1957 cognitio
1233 1859 1368 1957 depen-

320 1973 384 2049 det
400 1999 423 2050 a
441 1973 653 2072 cognitione
676 1972 793 2071 regni,
811 1971 1008 2048 dicendum
1035 1984 1091 2046 est
1117 1971 1156 2046 in
1182 1973 1368 2070 sequenti-

318 2088 388 2164 bus
407 2087 453 2163 de
470 2111 589 2188 regno
607 2087 696 2163 Dei.

370 2211 405 2277 2.
433 2200 563 2276 Psalm.
594 2201 689 2278 xcvi.
723 2209 756 2293 1,
792 2197 975 2275 Dominus
1001 2196 1192 2301 regnavit,
1224 2199 1366 2275 ooroltet

301 2325 441 2407 'terrm
460 2313 549 2389 dicit
567 2315 769 2390 Psalmista.
820 2314 869 2389 Et
894 2337 1021 2389 rursus
1047 2313 1146 2388 idem
1163 2313 1367 2404 Psalmista,

323 2428 471 2524 (Psalm.
483 2429 604 2504 xcviii.
621 2429 656 2524 1)
670 2427 855 2504 Dominus
865 2427 1056 2527 regnavit,
1068 2427 1293 2503 irascantur
1301 2453 1368 2528 po-

315 2541 403 2640 puli
416 2569 430 2626 ,·
457 2541 522 2641 qui
548 2541 655 2616 sodet
678 2565 794 2642 cuper
821 2539 1011 2632 cherubio,
1029 2550 1223 2616 moveator
1248 2551 1365 2617 terro.

321 2654 471 2731 Scilicet
496 2654 613 2730 velint
635 2655 755 2730 nolint
779 2654 959 2746 homines,
983 2655 1084 2730 Deus
1111 2667 1169 2731 est
1194 2679 1263 2730 rex
1288 2655 1368 2730 uni-

319 2791 439 2845 versae
457 2778 589 2855 terrae3
615 2792 736 2866 neque
750 2769 780 2843 si
795 2769 869 2843 sint
887 2767 950 2866 qui
963 2768 1206 2842 existentiam
1220 2771 1301 2868 ejus
1311 2771 1367 2844 vel

312 2881 597 2983 providentiam
620 2882 848 2980 negaverint,
867 2881 951 2956 ideo
974 2881 1066 2958 solio
1084 2905 1151 2957 suo
1168 2883 1366 2958 excutitur.

321 2998 555 3095 Quamquam
573 3007 697 3072 autem
713 2996 814 3072 Deus
840 2996 1007 3072 homines
1024 2997 1216 3072 universos
1234 2998 1289 3074 ita
1304 3021 1369 3096 per

319 3111 523 3210 potentiam
541 3120 658 3209 regat,
677 3121 721 3186 ut
745 3133 854 3186 nemo
880 3111 997 3209 possit
1019 3111 1222 3210 quidquam
1248 3109 1367 3188 facere

320 3224 419 3324 quod
436 3223 497 3300 ille
514 3225 654 3300 factum
671 3224 775 3318 nolit,
793 3248 869 3300 non
895 3235 952 3300 cst
976 3236 1102 3300 tamen
1117 3226 1203 3316 hoc,
1221 3223 1366 3324 proprie

319 3352 358 3414 et
376 3349 547 3416 accurate
563 3338 761 3438 loquendo,
778 3363 945 3438 regnare.
998 3339 1168 3437 Regnare
1195 3340 1296 3414 euim
1313 3337 1366 3412 di-

320 3453 428 3546 citur,
454 3476 530 3529 non
557 3453 621 3553 qui
647 3452 809 3552 agendo,
833 3451 900 3528 sed
922 3453 986 3550 qui
1009 3441 1208 3553 loquendo,
1236 3453 1275 3528 id
1301 3463 1365 3540 est,

311 3567 526 3670 preceptis
556 3579 595 3643 et
624 3567 735 3643 micis
763 3565 871 3664 regit.
924 3567 968 3642 ln
995 3590 1110 3665 regno
1141 3567 1257 3665 igitur
1286 3565 1366 3654 Dei,

315 3705 384 3780 pro
408 3680 563 3757 subditis
584 3681 774 3772 habemus,
795 3704 870 3756 non
889 3703 1046 3780 corpora
1062 3681 1280 3770 inanimato,
1303 3703 1366 3753 ne-

317 3818 389 3893 que
407 3794 646 3886 irrationalia,
661 3795 750 3870 licet
766 3793 942 3893 potentiae
958 3793 1092 3870 divinae
1106 3794 1365 3892 subjiciantur;

317 3907 404 4006 quia
419 3916 622 4008 praccepta
641 3917 679 3982 et
701 3907 822 3982 minos
844 3907 914 3982 Dei
936 3931 1009 3981 oon
1031 3905 1277 4007 intelligunt:
1302 3927 1366 3978 ne-

316 4045 386 4118 que
416 4021 529 4096 etium
552 4020 711 4106 relicom·
737 4018 824 4117 quia
839 4019 960 4095 Deum
986 4043 1066 4095 esse
1092 4044 1165 4096 non
1186 4020 1365 4096 credunt:

314 4157 435 4232 neque
450 4157 525 4225 eos,
545 4135 608 4232 qui
625 4134 745 4209 Deum
760 4157 839 4209 esse
852 4132 1048 4209 credentes
1066 4157 1150 4208 eum
1167 4145 1294 4208 tamen
1311 4133 1367 4206 in·

315 4249 451 4324 seriora
465 4248 547 4325 haec
565 4271 693 4348 regere
710 4271 788 4323 non
801 4248 979 4336 credunt;
1005 4271 1092 4323 nam
1110 4259 1149 4322 et
1164 4247 1217 4338 hi,
1237 4269 1364 4346 quam-

316 4384 426 4458 quam
443 4373 620 4458 regantur
637 4387 660 4436 a
676 4361 844 4460 potentia
860 4361 942 4454 Dei,
952 4370 1153 4463 precepto
1168 4361 1248 4460 ejus
1265 4359 1364 4438 nulla
