2912 4912
249 304 316 370 162
686 318 903 374 ursmarus,

56 517 154 569 sacr.
168 517 221 568 ιιι.
296 491 332 558 3.
359 482 479 556 Causa
494 493 615 557 metus
632 483 752 558 mutui
768 483 948 573 consistit,
964 481 1101 580 partim
1118 481 1159 554 in
1182 489 1291 555 natu-

62 595 207 699 ,ἕρ
246 596 316 670 rali
331 596 521 672 hominum
536 598 759 694 aequalitate,
773 597 909 695 partim
926 597 965 669 in
982 606 1113 669 mutua
1129 593 1292 668 laedendi

47 733 156 780 nomas
246 711 448 785 voluntate.
476 711 532 784 Ex
550 735 623 808 quo
640 712 695 801 fit,
706 722 749 784 ut
766 733 887 807 neque
902 710 949 783 ab
966 709 1046 782 aliis
1064 717 1293 805 exspectare,

46 800 233 913 flssffliuff
246 847 366 922 neque
375 823 558 898 nobismet
568 824 656 920 ipsis
666 823 900 897 securitatem
908 832 1085 918 praestare
1093 821 1293 894 valeamus.

249 937 288 1010 Si
306 947 512 1034 spectemus
540 937 638 1011 enim
665 948 830 1011 maturos
847 937 1026 1026 homines,
1044 947 1157 1032 atque
1175 933 1294 1007 anim-

248 1050 494 1140 advertamus,
526 1075 637 1147 quam
665 1051 806 1148 fragilis
840 1051 889 1124 sit
915 1071 1111 1145 compages
1139 1045 1295 1121 humani

249 1163 426 1260 corporis,
445 1187 517 1260 quo
537 1175 667 1237 ruente
685 1163 824 1237 corruit
834 1163 952 1236 omnis
962 1164 1041 1259 ejus
1057 1160 1112 1234 vis
1125 1161 1241 1260 robur
1257 1171 1296 1233 et

249 1276 452 1373 sapientia;
480 1301 662 1376 quamque
679 1277 787 1351 facile
810 1277 859 1353 sit
881 1275 1129 1349 infirmissimo
1160 1274 1296 1370 cuique

249 1389 494 1463 robustiorem
521 1389 700 1480 occidere,
724 1413 800 1463 non
831 1399 888 1462 est
915 1388 1015 1486 quod
1045 1388 1127 1484 quis
1153 1387 1296 1460 viribus

249 1503 368 1577 fidens
396 1502 621 1600 superiorem
648 1527 686 1577 se
709 1503 789 1576 aliis
815 1503 956 1576 factum
980 1511 1088 1598 putet
1105 1525 1127 1573 a
1147 1510 1295 1573 natura.

251 1616 424 1713 AEquales
442 1627 540 1705 sunt,
559 1616 621 1713 qui
639 1616 794 1712 aequalia
812 1625 942 1690 contra
970 1638 1008 1688 se
1028 1615 1188 1687 invicem
1210 1637 1297 1710 pos·

253 1739 349 1804 sunt.
401 1729 452 1803 At
470 1730 533 1825 qui
550 1730 711 1803 maxima
735 1740 901 1825 possunt,
918 1728 1094 1801 nimirum
1112 1725 1296 1817 occidere,

252 1843 409 1941 aequalia
424 1854 590 1938 possunt.
645 1844 740 1917 Sunt
766 1842 879 1939 igitur
901 1864 1028 1915 omnes
1044 1841 1214 1914 homines
1231 1864 1298 1914 na-

253 1967 338 2032 tura
353 1956 452 2030 inter
469 1979 508 2029 se
530 1956 700 2053 aequales.
752 1955 986 2051 Inaequalitas
1005 1978 1088 2052 quae
1109 1977 1210 2026 nunc
1228 1964 1298 2044 est,

255 2070 375 2166 alege
393 2068 490 2142 civili
507 2067 719 2143 introducta
737 2080 802 2142 est.

56 2193 230 2306 Undemrlitur
307 2192 344 2255 4.
372 2181 552 2256 Voluntas
578 2182 737 2257 laedendi
767 2182 949 2256 omnibus
965 2181 1114 2279 quidem
1136 2180 1235 2253 inest
1260 2179 1300 2254 in

56 2266 238 2373 illidii.
257 2307 358 2370 statu
390 2295 545 2387 naturae,
574 2295 639 2369 sed
670 2320 747 2370 non
778 2296 823 2369 ab
859 2295 988 2369 eadem
1022 2317 1143 2384 causa,
1178 2315 1301 2389 neque

257 2434 362 2507 oeque
380 2407 574 2506 culpanda.
601 2409 707 2482 Alius
721 2409 819 2483 enim
833 2407 1036 2482 secundum
1049 2405 1302 2504 aequalitatem

256 2523 463 2597 naturalem
495 2522 677 2618 permittit
710 2521 854 2595 caeteris
888 2521 1018 2594 eadem
1052 2517 1189 2608 omnia,
1217 2541 1302 2615 quae

257 2638 348 2723 sibi;
376 2636 476 2734 quod
492 2635 650 2710 modesti
665 2636 824 2709 hominis
841 2645 908 2726 est,
926 2644 964 2707 et
980 2633 1076 2708 vires
1099 2655 1184 2706 suas
1201 2641 1302 2705 recte

258 2750 486 2826 aestimantis.
537 2750 641 2824 Alius
667 2749 894 2846 superiorem
915 2771 955 2822 se
971 2747 1051 2820 aliis
1075 2746 1302 2834 existimans,

259 2864 383 2939 omnia
398 2863 509 2937 licere
527 2863 596 2936 sibi
614 2862 683 2936 soli
699 2862 790 2949 vult,
809 2873 847 2934 et
863 2882 941 2958 prae
959 2859 1100 2934 caeteris
1121 2859 1305 2932 honorem

259 2978 329 3052 sibi
346 2987 496 3074 arrogat
510 3009 519 3062 ;
548 2975 648 3073 quod
664 2975 803 3071 ingenii
818 2973 951 3047 ferocis
969 2983 1035 3047 est.
1071 2971 1172 3046 Huic
1189 2972 1304 3069 igitur

260 3092 431 3165 voluntas
446 3090 607 3165 laedendi
618 3099 674 3162 est
690 3089 736 3162 ab
754 3088 855 3162 inani
872 3087 992 3184 gloria
1005 3098 1043 3160 et
1058 3086 1152 3160 falsa
1167 3085 1304 3160 virium

261 3203 529 3289 aestimatione3
555 3202 610 3276 illi
635 3227 681 3276 ax
708 3202 930 3275 necessitate
947 3225 1007 3275 res
1025 3223 1110 3274 suas
1137 3211 1176 3272 et
1193 3200 1304 3275 liber-

263 3328 379 3391 tatem
397 3328 528 3390 contra
543 3317 644 3390 hunc
661 3313 892 3389 defendendi.

80 3447 218 3524 Discordia
316 3438 350 3503 5.
377 3430 569 3518 Praeterea,
594 3453 678 3501 cum
704 3427 905 3501 maximum
921 3426 969 3500 sit
985 3437 1174 3500 certamen
1201 3426 1306 3522 inge-

78 3516 239 3637 dssbiiiid'i‘
264 3543 420 3633 nicrum,
437 3565 586 3616 necesse
604 3552 660 3615 est
683 3541 771 3614 oriri
788 3564 834 3613 ex
862 3564 906 3614 ea
928 3539 1166 3613 contentione
1189 3539 1304 3614 maxi-

263 3679 342 3730 mas
373 3655 584 3730 discordias.
636 3652 785 3729 Etenim
813 3677 889 3727 non
918 3653 1029 3726 modo
1057 3663 1190 3726 contra
1219 3677 1306 3727 con-

264 3770 427 3862 tendere,
462 3770 527 3844 sed
561 3769 673 3844 etiam
706 3769 777 3842 hoc
808 3767 941 3864 ipsum,
974 3790 1050 3840 non
1085 3767 1306 3856 consentire,

264 3885 432 3958 odiosum
465 3895 531 3958 est.
584 3883 681 3956 Nam
714 3904 790 3955 non
821 3880 1029 3955 consentire
1063 3879 1173 3954 alicui
1201 3879 1241 3952 in
1267 3902 1307 3952 re

265 3996 398 4095 aliqua,
418 4008 473 4071 est
503 3981 750 4070 eum‘erroris
776 3995 815 4068 in
843 4018 888 4069 ea
916 4017 957 4068 re
983 3993 1096 4068 tacite
1121 4015 1307 4084 accusare,

265 4109 360 4184 sicut
377 4110 415 4183 in
428 4110 535 4184 valde
552 4107 678 4182 multis
697 4107 890 4181 dissentire
919 4108 1017 4180 idem
1035 4117 1092 4180 est
1109 4115 1223 4202 atque
1240 4131 1308 4204 pro

267 4223 378 4297 stulto
397 4247 481 4299 eum
501 4223 660 4308 habere;
688 4221 788 4320 quod
817 4245 864 4296 ex
895 4245 938 4296 eo
967 4243 1143 4318 apparere
1173 4229 1308 4316 potest,
