2904 4912
241 292 294 346 nn
316 291 458 346 nunno
480 293 551 344 om
571 293 651 346 run
671 289 838 346 cnorum
858 291 1005 344 varus.
1067 275 1142 342 369

97 460 333 550 auctoritate,
352 461 417 534 sed
433 462 553 534 forma
575 472 613 532 et
634 463 717 557 jure
733 483 944 558 praeconum
970 482 1035 532 seu
1050 480 1142 555 prae-
1170 490 1266 540 sacr,
1282 489 1333 540 ιιι,

97 572 318 662 dicatorum,
353 575 399 646 de
435 576 566 670 quibus
603 574 790 647 auditores
819 574 1060 670 judicabant;
1103 581 1141 644 et
1180 565 1321 666 ,¹2³4

97 687 293 783 siquidem,
309 689 371 783 qni
389 689 477 786 ipsis
490 689 613 760 facilia
629 688 820 784 perspicue
837 686 1053 760 docentibus
1066 709 1141 759 non
1154 699 1309 807 Ffflss‘fflffss'*

96 801 361 890 auscultarent,
378 802 609 898 punirentur,
628 825 703 874 non
732 802 898 898 sequitur
924 826 970 873 ex
988 825 1031 873 eo
1049 779 1352 906 obli-lllllullla

95 925 204 1008 gatos
217 913 330 986 fuisse
347 937 451 1010 reges
469 915 594 988 omnia
612 915 726 1008 sequi,
745 939 828 1010 quae
841 913 894 987 illi
911 914 981 986 Dei
993 913 1141 986 nomine
1153 895 1345 951 ‘mmmm'

97 1026 290 1122 sequenda
320 1026 496 1100 dicerent.
550 1027 782 1124 Quamquam
801 1028 898 1101 enim
924 1027 1140 1100 interfectus

95 1139 210 1212 fuerit
228 1142 250 1213 J
253 1141 331 1212 osia
348 1142 466 1215 bonus
483 1166 549 1214 rex
563 1141 684 1226 dudae,
703 1141 802 1237 quod
820 1141 1047 1214 sermonibus
1071 1140 1140 1214 Dei

95 1277 142 1325 ex
160 1277 226 1326 ore
244 1254 396 1327 Nechao
414 1255 511 1350 regis
524 1253 678 1350 AEgypti
695 1257 770 1326 nori
790 1253 1002 1343 obediverit,
1020 1253 1138 1343 idest,

96 1368 198 1462 quod
214 1369 352 1440 bonum
370 1369 573 1452 consilium,
601 1392 823 1463 quamquam
848 1369 893 1440 ab
912 1368 1016 1440 hoste
1038 1366 1139 1440 vide-

94 1493 200 1553 retur
231 1481 427 1575 proficisci,
451 1480 643 1577 respuerit,
671 1495 894 1554 nontamen
923 1480 1022 1554 dicet
1040 1481 1138 1576 quis-

95 1617 209 1690 quam
226 1595 337 1667 fuisse
354 1596 376 1667 J
379 1596 493 1668 osiam
510 1595 585 1669 ullo
602 1595 748 1668 vinculo
778 1595 902 1692 legam
928 1593 1138 1666 divinarum

94 1707 155 1778 vel
165 1707 408 1780 humanarum
418 1708 619 1804 obligatum
632 1708 781 1781 credere
793 1707 974 1780 Pharaoni
985 1707 1136 1780 Nechao

96 1821 176 1916 regi
200 1821 364 1918 AEgypti,
393 1821 492 1917 quod
520 1821 670 1911 diceret,
696 1821 816 1894 Deum
845 1821 919 1894 sibi
950 1820 1136 1918 loquelam

95 1958 192 2006 esse.
222 1933 332 2007 Quod
350 1945 473 2006 autem
490 1934 649 2030 objicere
667 1934 747 2029 quis
759 1934 888 2030 possit,
905 1957 1009 2030 reges
1026 1958 1138 2031 prop

95 2059 155 2119 ter
180 2046 364 2119 defectum
387 2046 565 2121 doctrinae
590 2071 674 2120 raro
702 2047 789 2120 satis
816 2046 968 2120 idoneos
995 2072 1072 2121 esse
1089 2048 1138 2121 ad

95 2160 211 2233 libros
239 2160 421 2256 antiqnoS,
456 2162 588 2256 quibus
622 2161 776 2234 verbum
810 2161 879 2234 Dei
914 2162 1137 2250 continetur,

94 2273 439 2370 interpretandum
466 2285 578 2371 atque
603 2277 650 2348 ob
682 2299 763 2348 eam
790 2298 868 2347 rem
890 2268 965 2348 non
991 2299 1138 2371 aequum

95 2411 177 2460 esse
194 2411 329 2460 munus
347 2386 439 2460 illud
455 2387 502 2460 ab
521 2412 649 2462 eornm
666 2387 884 2461 auctoritate
908 2387 1137 2483 dependere;

96 2501 258 2598 objicere
286 2500 384 2573 idem
413 2502 531 2598 possit
555 2513 686 2574 contra
713 2500 921 2574 sacerdotes
949 2511 986 2572 ct
1012 2525 1139 2574 omnes

96 2615 298 2699 mortales3
332 2627 485 2710 possunt
519 2615 617 2688 enim
652 2639 798 2699 errare;
825 2616 984 2710 licetque
1018 2625 1139 2688 essent

96 2729 308 2802 sacerdotes
326 2728 469 2801 caeteris
486 2729 695 2803 bominibus
708 2739 842 2802 natura
854 2741 893 2800 et
908 2729 1048 2801 artibus
1062 2752 1139 2800 me-

96 2842 166 2914 lius
184 2841 370 2929 instructi,
388 2851 473 2914 sunt
492 2853 616 2914 tamen
630 2864 735 2937 reges
750 2841 839 2914 satis
853 2840 976 2914 idonei
988 2841 1036 2912 ad
1046 2839 1139 2912 tales

98 2955 318 3050 interpretes
333 2955 399 3026 sub
414 2978 453 3026 se
471 2953 759 3027 constituendos
791 2953 912 3048 Atque
929 2954 992 3042 ita,
1011 2977 1139 3048 quam·

98 3092 210 3162 quam
236 3090 341 3163 reges
369 3091 444 3140 non
467 3068 756 3163 interpretentur
783 3065 853 3162 ipsi
880 3067 1031 3140 verbum
1057 3066 1138 3150 Dei,

97 3193 222 3254 tamen
250 3181 519 3277 interpretandi
545 3204 679 3253 munus
696 3182 742 3254 ab
760 3203 887 3254 eorum
917 3181 1137 3253 auctoritate

96 3293 305 3390 dependere
329 3305 472 3390 potest;
500 3307 536 3368 et
563 3295 627 3388 qui
653 3295 737 3368 ideo
754 3295 1011 3368 auctoritatem
1037 3295 1138 3367 illam

95 3407 246 3502 regibus
276 3407 504 3503 abjudicant,
536 3406 635 3502 quod
661 3406 779 3504 ipsum
808 3431 940 3480 munus
968 3431 1138 3480 exercere

95 3543 171 3593 non
189 3519 342 3617 possint,
360 3519 458 3592 idem
482 3520 695 3608 faciuntea
722 3520 754 3594 si
783 3519 947 3594 dicerent
976 3544 1051 3594 non
1075 3521 1138 3593 de-

95 3635 185 3706 bere
211 3634 469 3707 auctoritatem
488 3633 645 3707 docendi
670 3635 911 3730 geometriam
941 3658 964 3707 a
989 3634 1138 3730 regibus

97 3743 317 3841 dependere,
335 3748 405 3820 nisi
415 3748 484 3844 ipsi
493 3747 632 3820 fuerint
648 3757 857 3842 geometrae.
885 3749 1004 3843 Reges
1016 3770 1137 3820 orasse

95 3881 164 3952 pro
192 3859 340 3955 populo,
366 3861 502 3956 populo
532 3860 775 3949 benedixisse,
806 3861 983 3956 templum
1010 3882 1138 3933 conse·

96 3993 231 4061 crasse,
250 3973 502 4047 sacerdotibus
529 3973 759 4070 praecepisse,
784 3973 992 4047 sacerdotes
1015 3972 1136 4052 officio

94 4107 162 4156 sno
176 4086 368 4175 amovisse,
380 4087 469 4160 alios
488 4087 718 4160 constituisse
735 4087 901 4183 legimus
947 4085 1136 4170 Sacrificia

94 4197 244 4290 quidem
274 4223 349 4272 non
381 4201 605 4290 obtulerunt,
634 4201 720 4296 quia
746 4199 785 4271 id
815 4200 953 4274 Aaroni
980 4211 1018 4272 et
1051 4198 1135 4292 filiis

197 4333 289 4383 von.
310 4335 355 4384 ιι.
973 4335 1034 4384 ne
