2912 4912
420 289 620 342 anteacta
640 289 937 342 nnnrcaronrn.
1181 275 1249 342 139

102 505 259 601 justitiae
286 503 541 600 appellatione,
569 527 642 600 qua
667 515 839 576 constans
865 502 1034 576 voluntas
1057 501 1253 598 unicuique

96 655 168 750 jar
185 677 289 726 raam
307 651 493 726 tribuendi
510 652 751 750 significatur,
778 652 1016 750 quaerendum
1033 653 1135 750 prius
1161 675 1252 742 esee,

107 803 207 878 uude
229 813 326 878 esset
349 803 448 900 quod
471 802 552 900 quis
575 826 653 878 rem
679 805 840 902 aliquam
864 827 969 876 cuam
993 802 1118 900 potius
1141 825 1253 900 quam

106 951 272 1026 alienam
290 975 368 1026 esse
385 951 534 1026 diceret.
589 951 700 1034 Quod
725 976 809 1026 cum
835 975 910 1027 non
934 976 957 1025 a
977 961 1120 1044 natura,
1146 951 1256 1026 seda

107 1127 292 1178 consensu
309 1103 498 1178 hominum
515 1103 724 1199 profectum
738 1115 949 1188 constaret;
977 1127 1062 1178 nam
1089 1128 1172 1202 quoe
1189 1129 1252 1178 na·

108 1268 192 1332 tura
210 1256 250 1330 in
267 1255 429 1330 medium
446 1253 611 1352 protulit,
629 1253 796 1326 homiues
814 1263 943 1350 postea
960 1253 1227 1328 distribucnaut
1245 1276 1255 1330 3

110 1406 271 1480 ducebar
299 1405 384 1480 inde
402 1405 450 1480 ad
468 1405 707 1501 quaestionem
726 1403 846 1494 aliam,
874 1404 1060 1494 nimirum,
1078 1405 1138 1478 cui
1154 1406 1254 1480 bono

110 1569 146 1630 et
162 1580 237 1652 qua
259 1557 479 1628 necessitate
506 1554 638 1644 coacti,
666 1578 750 1628 cum
778 1555 903 1628 omnia
929 1563 1052 1628 essent
1078 1554 1256 1644 omnium,

110 1707 294 1782 voluerint
323 1707 447 1804 potius
478 1731 544 1780 sua
574 1706 705 1803 cuique
736 1730 816 1780 essa
851 1707 1010 1804 propria.
1075 1705 1254 1780 Videbam

110 1867 233 1930 autem
251 1881 297 1930 ex
315 1857 577 1934 communitate
603 1879 725 1930 rerum
748 1856 885 1930 bellum
910 1867 1020 1952 atque
1043 1855 1127 1930 inde
1147 1879 1256 1931 omne

111 2031 227 2102 genus
246 2006 477 2094 calamitatis,
495 2005 706 2080 homiuibus
720 2005 766 2078 de
780 2028 905 2078 earum
921 2029 990 2078 usu
1002 2027 1068 2102 per
1085 2005 1160 2078 vim
1177 2027 1257 2078 cer-

112 2157 288 2244 tantibus
318 2156 524 2230 necessario
551 2166 789 2252 aequaturum
817 2179 916 2238 esse;
943 2156 982 2230 id
1008 2156 1106 2253 quod
1130 2180 1258 2232 omnes

112 2315 244 2380 natura
270 2305 430 2402 fugiunt.
496 2305 637 2378 Nactus
665 2329 752 2400 ergo
782 2305 855 2379 duo
883 2306 1086 2380 certissima
1113 2319 1258 2380 uatnrae

113 2455 281 2528 humanae
299 2455 493 2551 postulata,
512 2479 626 2530 unum
644 2455 857 2552 cupiditatis
871 2457 1061 2546 naturalis,
1076 2479 1149 2553 qua
1159 2455 1258 2553 quis·

114 2628 182 2699 que
208 2628 334 2677 rerum
361 2605 610 2680 communium
635 2629 742 2680 usum
768 2605 930 2703 postulat
954 2605 1022 2680 sibi
1043 2606 1256 2702 proprium

114 2755 269 2829 alterum
280 2756 433 2830 rationis
443 2757 632 2846 naturalis,
645 2781 718 2854 qua
729 2757 882 2854 quisque
893 2767 1049 2830 mortem
1060 2725 1257 2830 violentam

114 2917 289 3002 tanquam
307 2930 489 2980 summum
507 2919 649 2981 naturae
667 2908 803 2982 malum
821 2906 946 2982 studet
963 2907 1099 2980 evitare
1114 2939 1123 2990 ;
1141 2907 1259 2982 abhis

113 3056 303 3154 principiis
323 3069 514 3153 pactorum
535 3068 573 3132 et
596 3057 682 3131 fidei
704 3058 963 3132 conservandae
988 3057 1258 3148 necessitatem,

114 3219 222 3305 atque
248 3207 341 3282 inde·
360 3207 507 3284 virtutis
533 3208 681 3282 moralis
707 3208 982 3305 officiorumque
1007 3207 1167 3280 civilium
1185 3207 1258 3280 ele-

114 3367 251 3445 menta,
270 3357 308 3429 in
325 3357 395 3429 hac
420 3355 550 3452 opella,
579 3357 851 3432 evidentissima
877 3357 1104 3430 connexione
1129 3356 1259 3432 videor

114 3508 203 3580 mihi
221 3507 506 3592 demonstrasse.
554 3508 664 3591 Quod
690 3508 876 3605 adjectum
901 3519 955 3582 est
977 3507 1022 3580 de
1043 3531 1157 3604 regno
1175 3509 1257 3596 Dei,

115 3681 157 3730 eo
184 3655 339 3730 consilio
365 3657 504 3731 factum
533 3669 599 3746 est,
626 3682 672 3731 ne
697 3656 786 3754 quid
809 3659 906 3732 iuter
929 3657 1067 3732 dictata
1094 3657 1163 3730 Dei
1189 3680 1257 3754 per

115 3819 297 3896 naturam,
329 3817 366 3879 et
398 3807 517 3904 legem
544 3808 612 3881 Dei
638 3807 813 3882 traditam
830 3809 869 3882 in
888 3808 1097 3906 Scriptnris,
1123 3831 1255 3904 repug-

115 3960 251 4033 nantiae
279 3981 358 4032 esse
381 3959 577 4034 videretur.
635 3961 794 4059 Operam
820 3961 929 4035 etiam
956 3961 1166 4058 diligentem
1190 3985 1257 4058 per

117 4119 236 4182 totum
262 4131 409 4182 cursum
435 4108 610 4183 orationis
635 4133 727 4182 meae
754 4107 850 4197 dedi,
877 4131 924 4180 ne
946 4107 1035 4204 quid
1053 4107 1098 4182 de
1112 4107 1255 4204 legibus

117 4261 366 4359 cujuscunque
392 4261 551 4336 nationis
575 4261 742 4334 civilibus
766 4260 936 4350 dicarem,
972 4260 1011 4334 id
1037 4272 1103 4350 est,
1132 4285 1178 4334 ue
1209 4259 1256 4332 ad
