2912 4912
185 263 187 272 ’
296 270 364 337 128
651 329 653 336 ,
684 285 738 337 on
759 285 941 338 somma.

100 485 198 534 socr,
214 485 251 534 ιι.
292 452 473 526 Inusitata
496 453 631 544 omnia,
654 464 839 549 portenta,
858 466 896 528 et
914 463 1070 543 ostenta,
1089 453 1176 548 quia
1192 453 1254 526 Dii
1270 477 1336 550 per

107 563 250 667 „L
291 566 354 641 illa
370 566 590 641 videbantur
603 580 760 642 ventura
772 566 978 655 ostendere,
996 565 1226 640 dicebantur.
1258 567 1336 640 Eti-

291 704 352 753 am
363 679 523 753 sortibus
537 679 765 754 diversorum
782 703 959 776 generum
979 682 1191 770 utebantur,
1210 679 1250 752 id
1267 691 1335 769 est,

290 793 330 866 in
347 794 516 867 omnibus
536 793 698 868 fortuitis
715 794 903 868 fortunam
921 818 1025 867 suam
1040 793 1334 890 experiebantur.

291 907 475 981 Caeterum
500 907 712 982 innumeros
737 907 828 980 alios
855 907 985 980 modos
1013 906 1263 996 divinationiS,
1288 931 1336 979 ne

292 1020 448 1094 stultitia
464 1019 654 1093 bominum
670 1020 780 1094 nimis
798 1020 862 1093 diu
878 1020 1063 1110 immorer,
1080 1032 1275 1117 praetereo.

79 1160 281 1238 quamquem
348 1141 404 1207 13.
432 1133 526 1216 Quae
552 1133 747 1230 religiones
764 1145 910 1207 mutant
928 1133 1010 1208 dnae
1029 1135 1148 1207 solent
1165 1156 1244 1206 esse
1263 1157 1335 1223 res,

78 1225 170 1284 ¹²⁸¹⁰¹¹⁸¹
186 1231 410 1320 mumrambae
437 1247 475 1319 in
497 1247 769 1330 sacerdotibus;
797 1246 971 1342 dogmata
994 1247 1166 1336 absurda,
1192 1259 1230 1320 et
1252 1247 1337 1320 reli-

290 1359 402 1456 gioni,
428 1385 538 1456 quam
564 1360 711 1450 docent,
733 1360 908 1433 contrarii
926 1384 1057 1434 morea.
1109 1361 1338 1434 Erraverunt

291 1475 388 1547 enim
422 1475 588 1548 homines
619 1474 819 1571 prudentes
850 1474 1014 1547 ecclesiae
1046 1473 1223 1546 Romanae
1252 1497 1337 1546 curn

290 1588 391 1684 vulgi
409 1589 620 1685 ignorantia
644 1612 687 1662 eo
714 1611 830 1683 usque
854 1588 957 1661 abuti
981 1611 1019 1660 se
1043 1610 1150 1683 posse
1178 1587 1337 1660 arbitra-

290 1703 438 1792 bantur,
453 1714 496 1776 ut
513 1711 703 1798 sperarent
714 1701 858 1774 efficere
872 1723 910 1773 se
924 1723 1031 1796 posse
1044 1708 1088 1771 ut
1100 1699 1225 1786 verba,
1241 1699 1339 1772 inter

290 1838 330 1888 se
346 1814 560 1911 pugnantia,
574 1837 649 1887 non
666 1813 778 1886 modo
795 1822 885 1885 tunc
900 1812 965 1886 sed
978 1835 1121 1908 semper
1133 1811 1247 1907 vulgo
1259 1835 1338 1886 cre-

292 1928 479 2002 derentur.
531 1926 712 2002 Paulatim
730 1926 897 2000 eruditur
913 1926 1057 2022 vulgus,
1076 1935 1114 1998 et
1125 1926 1337 2014 verborum,

291 2041 422 2137 quibus
438 2039 567 2130 utitur,
585 2039 735 2112 tandem
751 2038 948 2134 aliquando
965 2039 1041 2111 vim
1059 2037 1094 2110 in
1100 2036 1247 2133 telligit.
1282 2039 1337 2110 Ex

291 2178 363 2250 quo
381 2155 434 2243 fit,
453 2163 495 2226 ut
514 2177 598 2226 cum
616 2152 784 2226 doctores
801 2151 988 2247 religionis
1006 2175 1061 2238 ea,
1080 2174 1162 2246 quae
1179 2174 1259 2224 non
1277 2175 1338 2224 co-

289 2268 434 2341 haerent
451 2266 548 2340 inter
566 2290 616 2356 se,
634 2289 711 2339 non
728 2265 838 2339 modo
855 2265 954 2362 ipsos
972 2264 1074 2361 loqui
1090 2264 1254 2354 videant,
1274 2263 1339 2338 sed

291 2381 403 2454 etiam
416 2381 506 2454 alios
520 2380 574 2455 ita
586 2380 686 2476 loqui
704 2380 873 2476 religiose
888 2380 1029 2475 jubere,
1047 2377 1155 2474 proni
1169 2377 1245 2451 sint
1259 2388 1338 2452 tum

289 2495 387 2591 ipsos
406 2505 698 2569 contemnerent
714 2494 938 2590 ignorantes,
953 2503 1033 2566 tum
1055 2491 1172 2587 ipsam
1188 2490 1339 2587 religio-

290 2632 373 2682 nem
392 2619 434 2682 ut
453 2608 584 2682 falsam
608 2607 795 2704 suspicari,
819 2617 857 2679 et
884 2630 965 2678 eam
983 2623 1048 2678 aut
1072 2605 1258 2700 corrigere
1275 2616 1340 2677 ant

290 2723 421 2819 ejicere
435 2746 455 2795 e
469 2721 630 2795 civitate.
660 2718 872 2794 Cavendum
887 2742 975 2814 ergo
989 2717 1168 2814 imprimis
1181 2728 1239 2790 est
1254 2718 1340 2791 doc-

288 2835 429 2909 toribus
441 2833 628 2931 religionis
639 2856 685 2905 ne
698 2831 834 2928 regulis
846 2830 992 2904 colendi
1008 2831 1127 2902 Deum
1141 2831 1340 2926 quicquam

288 2949 519 3022 immisceant
529 2971 574 3020 ex
588 2946 755 3020 doctrina
767 2944 1014 3041 physicorum.
1027 2944 1125 3016 Nam
1136 2942 1268 3016 evitari
1278 2943 1339 3016 vix

288 3072 648 3160 potest,oumrerum
660 3058 885 3133 naturalium
897 3057 1038 3131 nullam
1048 3057 1339 3130 habeantscien-

289 3177 391 3266 tiam,
416 3175 503 3271 quin
526 3173 722 3269 aliquando
748 3172 915 3245 incidant
933 3171 971 3243 in
987 3170 1257 3267 propositiones
1275 3172 1338 3242 ab·

289 3289 418 3363 surdas
431 3320 439 3373 ;
459 3312 541 3383 quae
554 3299 695 3384 postea,
710 3287 821 3360 etiam
835 3286 881 3358 ab
893 3284 1051 3358 indoctis
1063 3283 1231 3374 detectae,
1249 3283 1338 3357 faci-

288 3414 355 3476 ant
367 3411 410 3474 ut
427 3400 550 3474 omnia
567 3424 649 3496 quae
666 3400 852 3473 docebunt
869 3408 1155 3472 contemnantur
1170 3428 1179 3481 ;
1212 3421 1338 3493 quem-

289 3514 488 3588 admodum
500 3513 648 3587 detecta
664 3512 863 3585 aLuthero
882 3510 1075 3584 doctorum
1086 3511 1337 3583 Romanorum

288 3627 512 3725 ignorantia,
539 3651 614 3700 non
641 3626 752 3699 modo
784 3649 958 3720 magnam
982 3622 1126 3721 partem
1149 3623 1337 3719 religionis

290 3742 468 3815 Romanae
479 3741 833 3828 tuminnostra,tum
843 3739 882 3810 in
892 3737 972 3812 aliis
982 3739 1154 3835 gentibus
1165 3736 1336 3827 abolevit,

290 3855 356 3928 sed
374 3855 488 3929 etiam
505 3853 602 3950 ipsas
619 3865 750 3949 gentes
772 3850 905 3926 avulsit
923 3875 946 3923 a
963 3851 1131 3924 Romana
1154 3849 1337 3924 clientela,

291 3969 402 4053 Quod
414 3968 446 4041 si
456 3966 502 4041 de
514 3965 963 4053 transubstantiatione,id
976 3977 1043 4055 est,
1052 3963 1097 4037 de
1108 3972 1245 4037 natura
1258 3987 1338 4037 cor-

287 4084 389 4180 poris
401 4093 438 4156 et
447 4080 706 4171 loci‚delibero
717 4078 928 4169 arbitri0,id
938 4088 1005 4168 est,
1014 4077 1059 4150 de
1070 4077 1338 4151 naturavolun·

288 4197 374 4270 tatis
390 4206 428 4270 et
444 4194 665 4285 intellectus,
683 4206 721 4267 et
739 4193 785 4268 de
802 4192 883 4267 aliis
901 4194 1022 4280 rebus,
1041 4214 1131 4288 quas
1145 4189 1336 4262 brevitatis
