2896 4914
364 299 417 352 on
437 297 565 354 aruns
583 299 766 373 vrsuanr,
785 301 874 358 nro.
1088 287 1132 368 17

97 468 218 543 stabili
244 469 482 566 quiescentes,
507 471 631 548 videre
658 473 781 548 omnia
806 473 951 570 objecta
970 471 1134 558 ,visibilia
1172 507 1270 562 sacar,
1285 509 1326 563 u.

97 583 226 657 eodem
243 582 354 659 modo
370 595 483 678 mota,
501 610 575 684 quo
593 586 662 685 ipsi
678 586 849 662 fluctibus
866 586 957 661 moti
973 585 1131 662 fuerant.
1170 587 1336 694 ,ξω

96 695 200 772 Idem
221 697 356 774 accidit
379 699 423 774 iis
444 723 599 797 quorum
620 701 771 776 cerebra
785 699 906 776 nimiis
922 699 998 776 vini
1019 723 1131 800 vapo-
1159 725 1308 804 canaan

94 811 196 888 ribus
214 822 302 888 sunt
317 812 470 911 agitata.
1157 793 1335 914 'affl

145 927 259 1003 Quod
274 928 409 1004 attinet
424 929 473 1003 ad
489 953 564 1020 eos,
575 929 638 1027 qui
650 928 782 1026 jactati
794 928 943 1006 filerunt
960 927 1133 1006 fluctibus

94 1040 257 1132 marinis,
283 1042 378 1116 ratio
404 1043 481 1140 ejus
506 1043 560 1117 rei
586 1041 741 1118 difficilis
765 1067 840 1118 non
870 1054 936 1118 est.
988 1043 1084 1118 Nam
1110 1069 1133 1120 a

94 1155 187 1229 mari
213 1155 361 1252 jactatis
385 1166 497 1254 caput
518 1157 681 1254 jactatur
696 1179 842 1254 unaque
859 1157 1062 1249 cerebrum,
1080 1169 1131 1250 et,

92 1293 176 1366 quae
206 1293 292 1367 pars
321 1272 399 1368 ejus
423 1281 490 1359 est,
515 1293 649 1346 nervus
674 1271 829 1369 opticus,
855 1295 1011 1371 quaeque
1028 1271 1132 1346 nervi

90 1383 209 1480 optici
232 1383 436 1461 substantia
462 1393 519 1460 est
535 1385 760 1478 continuata,
778 1397 858 1462 tota
879 1386 1022 1472 retina;
1049 1409 1132 1484 quae

90 1497 131 1572 in
157 1498 215 1589 iis,
243 1499 306 1597 qui
331 1499 486 1598 expositi
514 1523 535 1575 e
564 1524 656 1575 nave
687 1508 784 1592 sunt,
814 1523 890 1576 non
922 1499 1047 1576 statim
1073 1523 1131 1573 re-

91 1613 300 1709 quiescunt.
352 1613 571 1711 Ubicunque
601 1613 714 1711 igitur
747 1613 871 1690 radius
906 1611 952 1688 ab
986 1613 1132 1711 objecto

89 1726 226 1801 incidit
251 1726 291 1801 in
318 1727 486 1816 retinam,
504 1727 711 1803 resistentia
731 1725 777 1802 ab
801 1751 846 1802 ea
865 1727 920 1817 fit,
946 1725 1012 1802 sed
1032 1735 1134 1802 mota

89 1839 141 1915 ad
167 1851 311 1915 motum
337 1841 539 1928 fluctuum
571 1865 683 1940 quare
710 1840 833 1938 imago
857 1841 1003 1939 objecti,
1030 1841 1133 1938 cujus

89 1955 586 2032 naturaminearesistentia
595 1955 794 2031 consistere
808 1979 919 2054 supra
931 1953 1132 2042 docuimus,

90 2079 195 2143 mota
224 2068 296 2143 erit
324 2069 454 2144 eodem
479 2079 594 2144 motu.
646 2070 690 2144 In
715 2069 759 2144 iis
789 2081 924 2162 autem,
953 2069 1016 2169 qui
1044 2068 1132 2144 vino

91 2183 233 2258 madidi
259 2195 356 2276 suunt,
382 2207 493 2260 causa
516 2183 725 2283 hujusmodi
751 2195 874 2260 motus
903 2184 943 2258 in
969 2209 1014 2260 eo
1044 2207 1133 2258 con-

91 2299 221 2372 sistere
238 2297 395 2389 videtur,
413 2296 513 2395 quod
528 2322 693 2396 vapores,
707 2298 770 2397 qui
782 2323 806 2372 a
817 2299 1005 2375 stomacho
1016 2297 1132 2373 nimio

90 2413 179 2488 vino
219 2411 422 2487 calescente
461 2410 664 2489 ascendunt
697 2413 736 2487 in
770 2412 972 2504 cerebrum,
1010 2413 1131 2511 ipsum

92 2528 249 2625 agitant.
301 2525 451 2624 Agitato
481 2537 604 2600 autem
633 2527 797 2618 cerebro,
826 2551 976 2603 necesse
1005 2537 1060 2601 est
1088 2539 1132 2604 ut

91 2642 255 2738 agitetur
282 2663 416 2714 nervus
438 2639 582 2738 opticus
600 2639 751 2738 ipsaque
772 2641 916 2728 retina;
942 2639 1041 2716 unde
1066 2665 1131 2714 ne-

92 2779 194 2830 cesse
212 2765 270 2829 est
287 2754 425 2830 moveri
441 2778 598 2853 quoque,
613 2765 791 2853 quantum
802 2755 851 2829 ad
867 2753 1130 2852 apparentiam,

91 2870 212 2968 ipsum
230 2869 426 2967 objectum.
477 2868 536 2944 Ita
551 2868 654 2943 nulla
668 2869 729 2944 hic
742 2867 937 2944 difficultas
953 2877 1132 2956 remanet,

91 2983 162 3058 nisi
180 2984 265 3080 quis
283 2983 427 3057 dubitet
443 3007 491 3056 an
507 3007 531 3056 a
546 2982 660 3056 nimio
675 2983 763 3058 vino
775 2983 815 3058 in
828 2983 1058 3058 stomachum
1073 3006 1131 3057 re-

92 3108 200 3195 cepto
217 3107 341 3171 motus
357 3095 398 3170 in
418 3097 567 3170 cerebro
590 3096 679 3171 oriri
700 3096 840 3195 possit;
867 3095 1131 3196 quodquidam

91 3211 238 3285 videtur
254 3210 356 3286 factu
372 3209 597 3285 facillimum.

145 3324 339 3422 Contingit
364 3349 507 3423 quoque
532 3324 588 3416 iis,
616 3323 679 3421 qui
699 3347 810 3399 curru
825 3325 922 3400 vecti
938 3325 1084 3423 objecta
1108 3349 1132 3400 a

91 3437 208 3512 latere
226 3463 354 3513 currus
365 3439 496 3536 posita,
511 3438 586 3513 sive
596 3449 738 3512 montes
748 3438 824 3515 sive
836 3442 984 3515 arbores
997 3439 1130 3514 aliasve

91 3576 153 3626 res
180 3553 408 3651 longiuscule
432 3563 603 3644 remotos,
632 3561 811 3651 spectant,
835 3553 889 3628 ita
915 3565 958 3628 ut
985 3553 1130 3628 easdem

91 3690 153 3740 res
169 3667 281 3765 longo
297 3677 464 3766 tempore
481 3678 567 3742 ante
584 3665 709 3743 oculos
725 3665 897 3760 habeant,
912 3667 1130 3766 simulatque

93 3805 223 3856 currus
241 3781 400 3872 sistatur,
418 3791 461 3856 ut
477 3780 669 3858 videantur
687 3792 812 3856 tamen
828 3783 973 3880 objecta
989 3805 1033 3856 ea
1047 3804 1131 3879 per-

92 3919 260 3970 severare
276 3897 316 3971 in
332 3893 463 3970 eodem
479 3907 582 3972 motu
598 3919 671 3994 quo
687 3895 800 3994 prius.
853 3895 971 3970 Causa
987 3897 1065 3993 ejus
1077 3892 1132 3968 rei

93 4019 165 4096 est,
180 4010 290 4106 quod,
306 4021 408 4094 moto
430 4035 552 4102 curm,
576 4010 683 4085 simul
703 4011 917 4086 movebatur
933 4007 1132 4107 spectantis

92 4124 285 4198 cerebrum
316 4135 353 4200 et
382 4135 515 4200 nervus
549 4124 717 4223 opticus;
756 4123 978 4199 consistente
1008 4132 1132 4196 autem

92 4259 218 4328 curm,
236 4237 425 4315 cerebrum
440 4251 482 4315 et
497 4261 631 4315 nervus
647 4237 792 4338 opticus
808 4248 950 4314 motum
963 4259 1038 4312 non
1056 4247 1132 4310 tam

194 4375 286 4428 von.
306 4375 352 4434 11·
1009 4369 1033 4426 c
