2904 4916
277 331 384 386 nocn
403 331 471 385 ss.
492 331 688 386 snounns
706 329 966 384 Annanrcms.
1073 314 1141 382 281

100 503 136 575 in
159 500 333 574 Domino.
385 501 491 574 Siout
518 511 642 574 autem
665 521 732 573 nos
754 521 821 596 per
834 496 1036 593 simplicem
1058 495 1144 570 obe·
1175 529 1272 580 sTcT,
1288 529 1339 578 111,

100 615 274 688 dientiam
291 613 529 711 intelligimus
552 634 691 688 ouum
708 635 792 708 quae
814 633 890 684 non
911 618 998 683 sunt
1015 619 1145 684 eontra
1186 607 1327 712 ᾧ

98 729 195 824 leges
213 728 294 818 Dei,
311 727 375 816 ita,
389 728 427 801 in
443 727 535 802 loeis
561 727 632 800 illis
655 725 773 799 saneti
790 724 893 798 Pauli
910 721 1042 812 citatis,
1059 732 1144 819 post

97 865 225 916 vocem
235 861 375 914 omnm
387 838 734 936 subintelligendum
748 849 816 924 est,
833 845 981 935 preter
998 860 1044 909 eo
1058 860 1143 933 qnce

97 965 182 1028 aunt
199 964 335 1028 eontra
348 952 455 1052 leges
471 953 561 1028 Dei.

144 1079 182 1143 6.
210 1066 285 1140 Sed
300 1090 348 1139 ne
370 1067 433 1163 jus
452 1065 661 1164 principum
689 1064 900 1140 minutatim
929 1087 1184 1177 persequar,im
1156 1067 1288 1114 mmm

96 1205 138 1254 ea
160 1183 241 1276 jam
267 1178 470 1308 producam
496 1202 579 1276 quae
609 1188 727 1252 totam
752 1187 971 1274 potestatem
1003 1132 1341 1266 eorum,eni1mopimnusum

96 1315 228 1388 nempe
246 1291 419 1365 deberi”
395 1315 440 1364 ns
457 1315 480 1364 a
496 1291 653 1364 subditis
680 1291 755 1364 suis
782 1288 1029 1364 obedientiam
1055 1289 1141 1363 sim·
1130 1233 1216 1370 ii⁰T
1212 1261 1357 1371 qffiii

94 1406 229 1501 plioem
247 1415 284 1478 et
301 1404 517 1493 absolutam,
536 1403 644 1478 simul
666 1402 866 1478 stabiliunt.
918 1403 967 1476 Et
983 1403 1186 1500 primumoe'
1192 1394 1358 1450 ⁰‘'¹¹¹¹‘¹⁰¹'⁵²²¹¹¹¹

94 1543 137 1592 ex
156 1520 266 1592 Novo
276 1519 530 1591 Testamenta:
551 1516 686 1589 Matth.
698 1515 801 1588 xxiii.
820 1525 856 1606 2,
869 1525 904 1589 3.
935 1517 1060 1613 Super
1078 1542 1142 1591 cn-

95 1631 269 1705 tlredram
297 1630 449 1727 Moysis
484 1630 662 1703 aederunt
695 1628 839 1703 Scribe
872 1639 910 1702 et
941 1630 1141 1707 Plariaaei.

91 1745 240 1818 OMNIA
259 1768 353 1841 ergo
372 1766 595 1842 quecumque
609 1741 780 1814 dixerint
802 1741 919 1833 nobie,
937 1752 1087 1816 servate
1104 1755 1143 1818 et

77 1857 225 1953 focile.
282 1855 427 1945 Omnia,
462 1854 595 1950 inquit,
612 1853 760 1950 sneite,
794 1853 865 1927 hoo
896 1865 964 1944 est,
995 1855 1144 1928 obedite

92 1969 336 2067 simpliciter.
399 1968 550 2043 Quare?
588 1966 675 2064 quia
709 1967 840 2041 sedent
871 1991 981 2064 super
1016 1969 1143 2041 enthe-

91 2083 205 2156 drnm
243 2081 408 2178 Moysis,
438 2081 624 2170 nimirum,
661 2080 857 2178 principie
892 2081 1028 2172 ciuilia,
1068 2105 1143 2156 non

91 2193 266 2268 Aneonis
294 2195 505 2269 sacerdotis.
569 2195 677 2269 Rom.
704 2195 780 2269 xiii.
808 2205 839 2287 l,
863 2207 959 2270 ete:
1015 2196 1144 2269 Omnia

89 2310 221 2382 anima
253 2307 514 2406 potentatibus
556 2306 837 2381 sublimioribus
875 2309 1029 2382 subdito
1062 2309 1144 2394 ait‚·

89 2448 163 2495 non
195 2430 254 2494 est
275 2422 565 2518 enimpotestas
596 2419 671 2493 nisi
699 2445 723 2494 n
751 2420 847 2495 Deo.
902 2423 995 2508 Qnoe
1022 2433 1145 2496 nutem

88 2545 194 2624 aunt,
225 2558 250 2606 a
277 2533 361 2606 Deo
387 2533 574 2608 ordinate
591 2543 689 2607 ennt.
742 2534 880 2632 Itaque
908 2536 974 2632 qni
996 2535 1145 2608 resistit

81 2648 293 2748 potestati,
320 2647 397 2721 Dei
427 2647 662 2720 ordinationi
691 2647 852 2722 resistit.
919 2648 993 2735 Qni
1023 2659 1145 2722 numm

89 2763 292 2850 resistunt,
328 2761 407 2858 ipsi
440 2759 514 2833 sibi
542 2761 814 2834 damnationem
840 2762 1054 2858 nequirent,
1072 2771 1143 2834 ete.

89 2874 283 2950 Quoniam
302 2897 390 2971 ergo
407 2883 621 2970 potestates,
633 2897 715 2969 quae
729 2885 835 2948 erant
848 2885 1014 2971 tempore
1027 2877 1145 2948 sancti

88 2988 208 3076 Pauli,
229 3010 252 3058 a
269 2987 347 3059 Deo
366 2985 546 3060 ordinatae
562 2985 723 3078 fuerunt,
742 3011 868 3061 omnes
892 2999 1015 3062 autem
1038 3013 1145 3086 reges

86 3127 131 3175 eo
159 3112 333 3196 tempore
359 3099 595 3195 requirebant
622 3123 644 3172 a
675 3099 830 3173 subditis
860 3101 934 3174 suis
962 3102 1143 3198 integram

86 3213 355 3302 obedientiam,
368 3213 536 3309 sequitur
552 3212 662 3285 talem
675 3223 896 3310 potestatem
907 3239 929 3288 a
941 3216 1020 3288 Deo
1033 3217 1146 3290 fuisse

84 3329 315 3402 ordinatam.
343 3328 462 3401 1.Pet.
477 3327 515 3400 ii.
539 3335 673 3400 13-15:
701 3326 869 3422 Snbjeeti
891 3329 1013 3427 igitnr
1026 3341 1146 3403 estote

84 3441 191 3516 omni
214 3441 381 3512 hnmanae
407 3449 595 3512 creature
623 3449 787 3537 propter
805 3441 938 3532 Deum,
956 3443 1035 3516 aine
1057 3445 1146 3542 regi

83 3555 207 3652 qnasi
232 3553 486 3651 praecellenti,
521 3553 600 3625 aive
628 3553 785 3625 (lucibus
813 3565 989 3652 tnraeqnnm
1019 3557 1067 3630 ab
1101 3583 1145 3630 eo

82 3668 222 3741 missis
253 3666 308 3739 nd
335 3666 539 3738 uindictam
565 3665 862 3762 rizoquaetorum,
887 3667 1034 3742 landem
1058 3696 1145 3743 vero

83 3781 301 3862 bonorum·
332 3778 423 3875 qnia
459 3779 515 3850 ric
551 3788 609 3849 eat
644 3779 817 3851 polioctus
850 3780 940 3854 Dei.
1005 3782 1146 3855 Rursus

81 3906 244 3968 sanctus
262 3891 396 3964 Paulus
414 3891 462 3964 ad
479 3891 605 3964 Titum
638 3890 743 3986 (Cap.
757 3892 808 3964 iii.
829 3893 888 3985 l):
918 3891 1087 3966 Admone
1098 3894 1145 3966 il-

81 4009 145 4082 lor
156 4005 410 4106 principibus
427 4014 465 4076 et
480 4002 916 4102 potestatibnaanbditoa
933 4029 1027 4091 esse,
1040 4005 1145 4079 dieto

81 4119 260 4194 obedire.
315 4117 460 4192 Quibus
486 4117 741 4213 principibus?
770 4119 903 4191 Nonne
916 4119 1144 4216 principibus

81 4251 304 4331 temporum
322 4233 478 4320 illorum,
498 4233 560 4327 qui
574 4231 820 4306 obedientiam
838 4233 1046 4328 exigebant.
1058 4234 1143 4306 sim-
