2904 4916
292 276 369 351 318
562 238 565 244 ’
705 292 936 351 russorum.

94 483 260 548 spemn,
290 455 394 528 tratu
426 468 556 527 seeuro
587 449 644 528 uti
677 460 716 529 et
747 450 832 528 frui.
898 449 983 526 Hoe
1017 449 1116 529 enim
1147 461 1205 526 est
1239 452 1338 550 quod

81 563 266 678 ἐξ,
289 561 490 658 requiritur
506 562 555 644 ad
580 564 846 661 proprietatem
872 564 1068 655 bonorum,
1085 589 1163 644 nou
1186 575 1233 644 ut
1259 567 1337 663 quis

288 674 334 754 iis
350 677 467 773 possit
482 677 551 769 uti,
569 677 635 754 sed
646 678 764 776 possit
780 679 902 766 solues
934 679 1035 778 quod
1046 680 1092 758 fit
1106 678 1336 777 prohibendo

156 829 157 834 Ν
287 789 378 870 ulios
394 815 443 872 na
460 793 535 878 siut
551 793 826 891 impedimento.
880 793 956 873 Sed
967 793 1107 872 frustra
1122 793 1238 875 etiam
1253 818 1338 892 pro-

286 904 429 997 hibent,
448 907 511 1004 qui
527 917 668 986 metam
683 932 877 1006 poenarum
893 931 970 986 nou
986 907 1185 992 incutiunt.
1229 909 1338 990 Frus-

286 1027 347 1100 tra
362 1043 451 1116 erga
472 1019 533 1098 lex
563 1031 632 1112 ost,
650 1020 722 1097 nisi
744 1031 1106 1118 utramquepartem
1135 1020 1337 1112 contineat,

287 1132 554 1230 stultaque
576 1132 757 1234 prohihet
778 1134 932 1232 injurias
956 1135 1049 1225 fieri,
1068 1145 1108 1212 et
1122 1134 1239 1225 illum,
1257 1159 1338 1236 qua

286 1245 462 1320 facientes
489 1248 612 1344 punit.
665 1249 810 1328 Harum
832 1248 1066 1346 primaque
1091 1247 1337 1324 distributiva

287 1359 435 1451 dieitur,
456 1360 720 1463 prohibitoria
747 1373 815 1450 est,
847 1372 884 1440 et
912 1361 1077 1457 loquitur
1104 1360 1153 1436 ud
1184 1385 1334 1449 omnes;

285 1473 459 1564 seeundo,
476 1498 559 1572 qua
584 1475 816 1556 vindicatam
842 1475 901 1554 vel
914 1474 1099 1574 panaria
1115 1475 1336 1575 appellatur,

284 1587 518 1668 mundatoria
544 1599 611 1680 est,
638 1600 676 1670 et
705 1588 870 1684 loquitur
900 1599 1047 1670 tautum
1072 1588 1121 1670 ad
1146 1589 1336 1670 ministms

283 1703 461 1800 publicos

218 1904 243 1937 u
335 1824 371 1894 8.
396 1817 453 1895 Ex
471 1817 675 1914 quostiam
687 1815 904 1912 intelligitur
921 1815 1022 1894 omui
1039 1814 1122 1915 lagi
1144 1815 1252 1890 ciuili
1269 1841 1335 1893 aa·

283 1953 418 2008 aarum
451 1954 534 2010 ease
556 1954 722 2029 parrum,
755 1929 815 2004 vel
849 1928 1020 2028 explioite
1050 1929 1111 2008 vel
1143 1928 1333 2028 implicite.

283 2041 381 2122 Num
406 2043 472 2120 ubi
498 2066 609 2141 poena
634 2066 755 2140 neque
777 2043 927 2140 scripto,
944 2065 1065 2140 neque
1081 2043 1253 2140 exemplo
1270 2044 1335 2120 uli-

282 2158 398 2253 eujus,
416 2156 481 2254 qui
496 2179 625 2254 poeuas
641 2156 735 2253 legis
750 2165 990 2253 transgressae
1012 2157 1091 2254 jam
1108 2154 1226 2246 dedit,
1245 2157 1333 2234 defi-

280 2270 395 2362 nitur,
412 2270 466 2347 ibi
492 2269 779 2366 subintelligitur
807 2294 956 2368 poenam
983 2269 1220 2347 arbitrariam
1242 2295 1333 2367 esse,

280 2383 466 2475 nimirum,
483 2407 530 2462 ex
554 2383 706 2464 arbitrio
731 2384 893 2482 pendere
917 2383 1150 2480 legislatoris,
1167 2383 1243 2460 hoe
1260 2397 1329 2476 est,

281 2499 415 2586 summi
431 2497 662 2596 imperantis.
713 2499 865 2580 Frustra
880 2498 981 2580 enim
996 2509 1055 2578 est
1069 2498 1144 2591 lex,
1162 2522 1249 2596 quse
1264 2499 1332 2576 im-

279 2637 379 2712 puno
395 2613 527 2690 violari
543 2623 678 2711 potest.

68 2731 262 2846 fuffrsfloeg
329 2736 365 2801 9.
394 2727 581 2804 Quoniam
597 2727 909 2824 autemalegibus
922 2727 1091 2803 civilibus
1104 2727 1237 2819 oritur,
1250 2737 1331 2804 tum

68 2813 262 2972 3⁰3¹}th
279 2842 380 2939 quod
405 2843 659 2940 uuusquisque
683 2844 876 2940 jussuum
902 2842 972 2922 sibi
995 2841 1188 2940 proprium
1219 2852 1259 2918 et
1285 2843 1331 2916 ab

68 2929 260 3050 aialim,
280 2955 404 3034 atiena
434 2957 651 3034 ‹listinotum
676 2955 921 3046 habeatem
948 2956 1060 3034 etiem
1078 2954 1177 3052 quod
1204 2956 1332 3054 prohi-

66 3060 268 3183 miliia
278 3069 411 3146 beatur
444 3071 566 3148 aliena
593 3069 779 3160 invadere,
815 3070 982 3167 sequitur
1014 3078 1202 3167 precepta
1235 3070 1329 3160 hmo,

66 3202 119 3234 ⁰¹⁸⁹·
278 3182 453 3262 honorem
462 3183 693 3283 pareatibus
710 3181 860 3282 tegitur
877 3183 1068 3280 definitam
1079 3207 1152 3259 aaa
1165 3183 1332 3284 denega-

280 3296 363 3372 bis:
388 3297 578 3389 homiaem,
608 3305 871 3396 paraverant
901 3296 1010 3398 leges
1038 3296 1229 3387 occidere,
1258 3321 1331 3372 non

278 3411 454 3492 occides:
480 3411 631 3510 legibus
647 3411 800 3490 uetitum
817 3409 1196 3510 corrubitumfugies
1210 3437 1227 3484 .·
1250 3434 1332 3487 rear

277 3524 442 3606 ottonom
459 3524 605 3606 domiuo
632 3524 749 3603 inuito
772 3549 845 3602 aaa
870 3525 1049 3624 auferas:
1076 3523 1185 3622 leges
1203 3534 1245 3598 et
1262 3524 1330 3620 ju-

278 3639 384 3716 dicia
393 3638 511 3738 falso
530 3638 741 3716 testimonio
759 3663 832 3715 aaa
845 3637 1112 3737 frustrabere,
1129 3661 1211 3712 esse
1227 3637 1330 3736 leges

277 3753 413 3832 civiles.
444 3753 561 3854 Leges
578 3753 766 3832 naturales
782 3751 912 3828 eadem
927 3751 1160 3850 praecipiunt,
1177 3751 1244 3826 sed
1260 3752 1329 3826 im-

274 3867 426 3964 plicite:
452 3893 540 3944 nam
551 3868 612 3942 lex
621 3867 800 3945 naturalis
821 3867 882 3962 (ut
893 3868 1014 3964 eapite
1025 3866 1151 3957 tertio,
1168 3866 1328 3942 articulo

275 3982 452 4074 secundo,
467 3981 609 4058 dietum
623 3992 693 4078 est)
701 3981 808 4080 jubet
821 3981 1007 4058 observari
1018 3990 1155 4079 pacto,
1168 3979 1329 4078 ideoque

275 4095 389 4172 etiam
416 4095 664 4174 obedientiam
687 4105 877 4196 praestare,
904 4093 1053 4192 quando
1080 4093 1328 4170 obedientiam

273 4209 543 4307 prostituerint,
570 4221 610 4288 et
633 4210 756 4290 alieno
783 4208 981 4300 abstinere,
997 4208 1146 4307 quando
1171 4209 1264 4308 quid
1279 4208 1327 4288 sit
