2848 4908
306 262 379 328 266
708 279 939 334 mensuum.

108 475 205 526 secr.
218 475 269 528 111,
306 444 554 534 commodum,
578 468 651 541 pax
678 457 716 520 et
740 445 915 536 defensio,
937 445 1037 520 idem
1064 446 1259 544 utriusque
1287 459 1348 520 cst.

121 555 263 658 ᾧ
306 557 403 632 Nam
420 568 458 633 et
474 557 505 632 is
523 559 588 656 qui
603 559 772 655 imperat,
790 571 828 634 et
844 559 874 632 is
892 559 952 632 cui
968 559 1184 656 imperann,
1203 559 1252 634 ad
1267 560 1350 632 vitae

305 695 382 746 suae
399 669 650 746 defensionem
666 673 804 748 viribus
821 674 940 748 utitur
956 671 1064 746 simul
1081 673 1251 748 omnium
1266 697 1350 748 con-

304 785 451 860 civium.
503 786 552 859 Et
577 787 738 862 maximo
765 787 1011 878 incommodo,
1030 786 1130 884 quod
1146 787 1187 860 in
1204 788 1349 862 civitate

305 898 520 994 contingere
545 909 679 996 potest,
704 899 877 974 nimirum
904 899 1005 974 caede
1031 899 1178 988 civium,
1206 925 1291 998 quae
1307 901 1350 974 ab

304 1011 480 1085 anarchia
491 1012 622 1102 oritur,
636 1021 674 1085 et
690 1012 721 1086 is
738 1012 802 1108 qui
819 1036 1003 1086 summum
1014 1013 1213 1110 imperium
1229 1013 1349 1102 babet,

303 1137 342 1199 et
360 1123 515 1221 quilibet
536 1149 631 1200 unus
655 1125 790 1200 civium
812 1150 918 1222 aeque
934 1126 1114 1200 obruitur.
1168 1126 1349 1216 Secundo,

303 1237 394 1328 siis,
422 1237 485 1334 qui
512 1261 696 1312 summum
723 1239 918 1336 imperium
944 1238 1098 1329 obtinet,
1110 1239 1348 1335 pecuniarum

302 1361 448 1424 tantum
477 1376 501 1426 a
528 1351 669 1426 civibus
687 1353 862 1450 exegerit,
880 1363 923 1426 ut
949 1377 989 1426 se
1016 1363 1055 1426 et
1082 1352 1243 1426 familias
1268 1377 1348 1428 suus

301 1466 399 1539 alere
429 1478 468 1539 et
495 1465 592 1540 vires
620 1489 816 1563 corporum
842 1489 993 1541 suorum
1027 1489 1246 1540 conservare
1275 1489 1348 1540 nou

301 1577 455 1673 possint,
467 1578 743 1652 incommodum
759 1603 836 1654 non
853 1579 971 1676 magis
988 1579 1137 1654 illorum
1159 1589 1217 1652 est
1239 1603 1348 1674 quam

299 1691 528 1789 imperantis,
541 1693 606 1788 qui
623 1691 915 1789 quantiscunque
933 1691 1071 1767 divitiis
1088 1691 1167 1766 sine
1184 1693 1348 1789 corpori-

300 1805 369 1880 bus
387 1805 523 1880 civium
538 1805 733 1903 imperium
747 1828 855 1880 suum
867 1819 906 1880 et
918 1805 1066 1880 divitias
1082 1805 1180 1880 tueri
1196 1829 1273 1878 non
1285 1831 1347 1904 pc

300 1929 384 1994 test.
439 1920 478 1993 Si
490 1943 578 1994 vero
595 1929 742 1994 tantum
755 1920 921 2016 exegerit
943 1929 1124 2016 quantum
1140 1919 1190 1994 ad
1204 1919 1347 2016 imperii

300 2031 659 2108 administrationem
676 2033 820 2122 sufficit,
846 2032 886 2106 id
903 2031 1138 2106 commodum
1163 2055 1270 2128 aeque
1294 2045 1347 2108 est

301 2157 340 2219 et
355 2145 427 2243 ipsi
443 2157 481 2219 et
498 2144 638 2220 civibus
651 2145 700 2218 ud
717 2169 949 2220 communem
965 2169 1096 2242 pacem
1113 2157 1153 2219 et
1170 2145 1347 2221 defensio

299 2281 396 2332 nem.
458 2258 590 2356 Neque
618 2259 854 2356 imaginabile
888 2271 956 2350 est,
991 2259 1177 2356 quomodo
1211 2259 1347 2334 divitiae

291 2371 462 2472 publica
479 2371 619 2446 civibus
636 2373 808 2472 priuatis
825 2372 1060 2448 incommodo
1086 2395 1167 2448 esse
1193 2373 1344 2470 possint,

298 2485 410 2561 modo
420 2485 556 2585 privati
567 2486 708 2560 nonita
718 2487 1118 2583 exhauriantur,utper
1128 2485 1345 2562 industriam

299 2623 402 2676 suam
425 2599 633 2674 necessaria
649 2600 698 2674 ad
718 2601 883 2697 corporis
901 2611 940 2675 et
956 2599 1069 2674 animi
1085 2599 1182 2674 vires
1205 2611 1344 2674 susten-

298 2713 430 2790 tandas
448 2715 640 2811 acquirere
658 2714 707 2788 sit
724 2714 959 2812 impossibile.
1023 2713 1121 2788 Nam
1138 2713 1192 2788 sic
1209 2713 1345 2788 incom-

298 2829 449 2905 modum
479 2840 517 2903 et
539 2829 589 2904 ad
617 2829 738 2926 ipsum
765 2829 1009 2926 imperantem
1033 2827 1249 2924 pertineret,
1277 2851 1343 2902 uec

298 2942 458 3017 oriretur
471 2943 518 3016 ab
535 2941 771 3017 institutione
785 2941 844 3015 vel
857 2939 1090 3016 ordinatione
1099 2961 1235 3037 pravc;
1262 2939 1344 3037 quia

297 3055 337 3128 in
355 3055 456 3130 omni
472 3079 608 3152 genere
620 3053 791 3144 civitatis,
809 3053 906 3128 cives
919 3052 1078 3150 opprimi
1087 3064 1265 3149 possunt;
1281 3051 1343 3126 sed

298 3168 431 3242 abene
449 3166 629 3242 ordinatae
646 3167 805 3242 civitatis
829 3190 945 3263 prava
961 3165 1295 3240 administratione.

349 3291 384 3354 3.
413 3280 524 3356 Quod
540 3291 664 3356 autem
682 3280 864 3356 dictarum
881 3281 1086 3378 specierum
1097 3279 1270 3370 civitatis,
1281 3279 1341 3354 de-

217 3392 224 3405 ’
297 3394 492 3468 mocratiae
505 3404 543 3469 et
560 3394 820 3470 aristocratiae
839 3405 877 3468 et
889 3393 1124 3483 monarchia,
1142 3394 1283 3491 optima
1297 3393 1342 3466 sit

297 3507 528 3598 macrobio,
546 3530 592 3582 ex
619 3509 895 3605 comparatione
919 3505 1199 3582 commodorum
1226 3519 1264 3582 et
1290 3507 1341 3580 in-

296 3621 575 3697 commodorum
602 3623 641 3694 in
668 3622 821 3720 singulis
839 3621 1109 3697 ostendendum
1130 3631 1199 3696 est.
1253 3619 1340 3694 Hae

296 3735 422 3834 igitur,
453 3735 553 3832 quod
570 3735 779 3810 uuiversum
795 3736 842 3810 ab
865 3759 936 3810 ano
953 3733 1037 3808 Deo
1054 3733 1219 3832 regitnr;
1246 3731 1340 3831 quod

295 3852 445 3951 antiqui
474 3861 612 3926 statum
628 3850 902 3925 monarchianos
920 3849 1062 3924 caeteris
1088 3847 1337 3945 praetulerunt,

295 3965 461 4062 regimen
472 3963 637 4038 Deorum
650 3964 715 4038 uni
732 3961 819 4038 Jooi
831 3961 1103 4047 adscribentem
1130 3961 1231 4058 quod
1246 3959 1338 4058 priu-

297 4078 393 4175 cipio
421 4103 546 4154 rerum
574 4079 840 4174 nationumque
860 4077 1014 4153 arbitria
1039 4075 1249 4174 principum
1273 4095 1335 4171 pro

296 4190 438 4286 legibus
454 4192 617 4280 fuerint3
644 4190 743 4287 quod
766 4191 959 4289 imperium
970 4199 1177 4290 paternum
1198 4188 1335 4266 institu-
