2834 4912
312 267 385 335 210
718 279 944 334 iussurum.

121 481 216 533 sacr.
231 481 282 533 nr.
311 459 462 547 paratus
479 449 603 524 auimo
619 449 667 524 ait
688 447 737 522 ad
752 471 881 546 pacem
898 445 1116 538 habendam,
1139 445 1203 522 ubi
1220 443 1336 520 haberi
1353 561 1358 574 Ι

130 559 274 664 „L
312 573 445 662 potest.

106 699 267 756 uocatur·
363 687 399 752 2.
424 674 568 750 Tritum
589 686 645 750 est
674 673 774 748 inter
805 697 913 748 orma
930 673 1046 747 silere
1063 671 1198 772 legem
1225 681 1263 744 et
1285 693 1337 742 ve-

105 765 287 874 mamm
313 813 395 864 rum
416 801 483 876 est,
500 813 575 864 non
594 787 703 863 modo
724 787 769 862 de
792 787 935 884 legibus
953 785 1131 876 civilibus,
1158 783 1337 859 sedetiam

314 903 360 977 de
376 901 458 1000 lege
474 901 645 992 naturali,
663 901 693 976 si
720 925 795 975 non
812 900 862 975 ad
888 899 1064 992 animum,
1081 899 1147 974 sed
1173 897 1222 972 ad
1238 897 1339 972 actio-

313 1039 379 1090 uos
396 1015 575 1090 reseratur
590 1037 656 1112 per
673 1013 762 1110 Cap.
781 1035 845 1088 111.
864 1025 933 1088 art.
952 1017 1013 1097 27.
1064 1013 1113 1088 Et
1124 1011 1262 1086 bellum
1277 1009 1339 1084 tale

315 1129 550 1226 intelligatur,
568 1137 610 1201 ut
623 1127 672 1202 sit
688 1127 852 1202 omnium
866 1137 1143 1216 contraomues‚
1162 1125 1277 1223 qualis
1292 1135 1340 1198 est

315 1251 439 1318 statua
456 1252 600 1316 nature
612 1265 748 1328 merae;
775 1263 996 1341 quamquam
1021 1239 1060 1314 iu
1077 1239 1175 1315 bello
1191 1234 1341 1314 nationis

317 1365 445 1431 contra
461 1355 647 1430 nationem
672 1353 803 1428 modus
821 1353 969 1451 quidam
992 1351 1170 1427 custodiri
1197 1351 1339 1426 solebat.

316 1467 478 1565 Ideoque
510 1465 640 1564 priscis
679 1465 905 1562 temporibus
944 1465 1030 1540 vitae
1064 1463 1287 1554 institutum,
1310 1471 1341 1534 et

317 1581 420 1678 quasi
459 1577 663 1656 oeconomia
696 1577 865 1676 quaedam
898 1589 990 1669 erat,
1024 1601 1134 1674 quam
1168 1577 1341 1652 vocabant

316 1697 503 1790 ληστρικὴν,
517 1701 632 1791 rapto
648 1691 801 1776 oioere‚·
827 1715 910 1790 qum
935 1715 1053 1788 neque
1080 1701 1211 1766 eontra
1233 1689 1342 1787 legem

316 1819 458 1882 nature
475 1817 565 1898 erat,
582 1805 691 1882 rebus
708 1805 760 1879 sic
786 1805 980 1890 stantibus,
992 1827 1111 1902 neque
1137 1801 1217 1876 sine
1234 1801 1343 1900 glorio

317 1921 400 2013 illis,
426 1919 489 2018 qui
522 1943 603 1994 eam
631 1919 777 1994 fortiter
802 1943 871 1994 neo
898 1917 1095 1994 crudeliter
1120 1917 1342 1992 exercebant

317 2035 401 2109 Mos
417 2045 498 2108 erat
513 2033 597 2124 illis,
615 2045 751 2109 caetera
771 2031 1010 2130 rapientibus,
1028 2043 1067 2106 et
1081 2030 1168 2106 vitre
1190 2053 1344 2128 parcere,

318 2157 356 2221 et
371 2171 395 2220 a
422 2146 541 2222 bubus
564 2147 770 2222 aratoribus
795 2147 967 2244 omnique
994 2146 1242 2222 instrumento
1258 2143 1344 2241 agri·

318 2261 472 2336 cultura
489 2261 682 2336 abstinere.
735 2260 846 2336 Quod
862 2271 986 2336 tamen
1009 2259 1156 2334 nonita
1172 2269 1232 2333 est
1259 2255 1344 2332 aeci·

317 2373 503 2472 piendum,
542 2385 718 2471 tauquam
754 2373 803 2449 ad
841 2373 881 2450 id
919 2373 1239 2472 adstringereutur
1274 2371 1345 2468 lege

317 2497 470 2578 noturae,
489 2487 554 2562 sed
576 2488 674 2584 quod
698 2487 825 2585 gloriae
849 2511 924 2564 suae
960 2487 1205 2576 consulerent,
1236 2497 1274 2560 et
1304 2505 1345 2558 ne

316 2599 431 2676 nimia
447 2601 661 2677 crudelitate
677 2613 797 2676 metus
812 2615 1064 2700 arguerentur.

125 2731 266 2778 aarum
369 2725 404 2791 3.
431 2715 523 2791 (ium
547 2739 634 2814 ergo
659 2715 707 2790 ad
730 2741 859 2815 pacem
876 2715 1163 2792 conservandam
1188 2733 1344 2788 necessa·

123 2797 294 2844 vivmdisaorm-
339 2829 348 2846 .

124 2863 293 2920 suarm
319 2851 414 2904 uum
444 2841 493 2905 srt
525 2828 616 2926 legis
646 2829 822 2906 naturalis
851 2829 1087 2915 exercitium
1114 2839 1153 2902 ot
1185 2827 1235 2902 ad
1262 2827 1345 2922 legis

123 2927 308 3040 ww
318 2943 494 3018 naturalis
511 2943 725 3018 exercitium
738 2943 942 3019 necessaria
957 2943 1006 3020 sit
1018 2941 1233 3026 securitas:
1266 2963 1345 3014 cou-

123 3057 246 3102 ’ΝΜ
320 3055 553 3130 siderandum
580 3067 636 3130 est
661 3056 751 3153 quid
776 3057 824 3131 sit
852 3056 951 3154 quod
979 3055 1090 3130 talem
1119 3053 1343 3130 securitatem

318 3181 492 3267 praestare
506 3167 632 3268 possit.
675 3170 736 3245 Ad
752 3169 936 3245 honorem
952 3167 1154 3266 excogitari
1168 3167 1343 3242 aliudnou

316 3293 452 3379 potest,
469 3293 713 3380 preterquam
730 3293 773 3358 ut
794 3283 1042 3382 unusquisque
1062 3279 1200 3356 auxilia
1223 3281 1344 3356 idoneo

317 3394 387 3470 sibi
414 3407 614 3493 comparet,
637 3397 769 3495 quibua
794 3396 934 3473 invasio
958 3395 1109 3470 ulterius
1133 3395 1172 3468 iu
1198 3393 1342 3468 aiterum

317 3505 410 3583 odeo
425 3509 630 3606 periculosa
654 3509 842 3600 reddatur,
860 3519 902 3584 ut
931 3509 1046 3584 satius
1071 3507 1140 3582 eibi
1157 3531 1238 3582 csse
1253 3515 1341 3580 uter-

317 3645 388 3720 que
404 3633 510 3720 putet
533 3645 663 3697 manus
689 3623 860 3698 cohibere
887 3644 997 3719 quam
1020 3643 1225 3696 conserere.
1275 3615 1342 3692 Pn'·

316 3759 417 3810 mum
445 3746 569 3812 autem
602 3735 835 3811 manifestum
870 3745 938 3824 est,
975 3733 1074 3832 quod
1104 3733 1262 3808 duorum
1293 3727 1341 3804 rel

315 3849 427 3924 trium
457 3849 648 3924 consensio
678 3849 912 3924 securitatem
939 3847 1049 3922 talem
1082 3845 1235 3920 minime
1259 3865 1341 3943 pro-

317 3974 414 4038 stare
431 3963 567 4060 possit;
593 3975 789 4060 propterea
802 3961 899 4059 quod
916 3958 1056 4035 additio
1067 3983 1111 4034 ex
1121 3959 1340 4056 alterapant

316 4076 423 4150 unius
440 4075 499 4150 vel
514 4098 715 4174 paucorum
732 4075 922 4151 hominum
941 4073 1075 4150 sufficit
1091 4072 1141 4147 ad
1156 4085 1290 4148 certam
1305 4081 1339 4140 et

316 4185 561 4265 indubitatam
577 4189 782 4279 victoriam,
801 4189 936 4287 datque
954 4187 1115 4264 animum
1139 4183 1338 4264 adversario
