2904 4916
181 278 237 330 DE
258 277 405 333 CAUSIS
426 278 655 333 clvluasnm
676 280 1050 334 DISSOLVENTIBUS.
1085 267 1159 334 293

108 445 222 520 Quod
234 456 360 520 autem
377 447 415 537 ii,
434 447 498 541 qui
520 446 692 520 videntur
706 445 775 520 sibi
789 455 869 520 tota
886 445 1045 520 civitatis
1061 445 1158 520 mole
1188 480 1286 530 sacr,
1299 481 1339 532 ru

107 559 285 654 oppressi,
311 560 419 656 proni
443 559 492 634 ad
518 559 716 633 seditiones
733 559 832 644 sint;
860 559 1031 656 quodque
1053 557 1158 632 novis
1197 559 1340 662 ,ἑξ-ό

105 672 217 744 rebus
246 672 487 762 delectentur,
506 673 637 768 quibus
666 683 865 769 praesentes
892 683 1040 763 nocent,
1067 671 1157 747 satis

105 808 173 880 per
191 808 232 857 se
249 785 484 860 manifestum
502 796 569 859 est.

162 906 219 971 10.
251 897 380 972 Altera
413 899 527 972 animi
561 898 754 996 aegritudo,
790 898 999 974 civitatibus
1033 899 1155 989 noxia,
1170 921 1346 1000 uranum·

106 1033 236 1082 eorum
265 1020 332 1098 est,
355 1012 418 1107 qui
446 1012 523 1086 otio
551 1011 780 1084 abundantes
808 1024 936 1086 carent
963 1011 1155 1108 dignitate.
1169 987 1369 1048 mmmmm

105 1123 167 1196 Ad
183 1124 344 1197 honores
368 1135 407 1196 et
430 1124 687 1198 claritudinem
712 1134 846 1198 natura
862 1125 1011 1222 quidem
1029 1149 1157 1200 omnes

106 1237 364 1323 contendunt;
390 1237 444 1310 illi
471 1261 559 1312 vero
576 1238 747 1328 maxime,
766 1238 829 1333 qui
855 1238 1006 1311 minime
1032 1261 1156 1312 rerum

106 1349 398 1423 necessariarum
436 1349 685 1424 sollicitudine
722 1349 1005 1446 distringuntur.
1075 1351 1156 1425 Hos

106 1463 206 1535 enim
221 1463 356 1558 partim
374 1462 422 1536 ad
444 1462 696 1538 disserendum
721 1463 874 1536 interae
892 1463 938 1536 de
955 1463 1155 1560 republica,

105 1577 242 1672 partim
260 1576 309 1650 ad
326 1577 597 1667 historicorum,
615 1587 815 1665 oratorum,
828 1576 1075 1672 politicorum,
1089 1578 1155 1651 ali-

106 1713 288 1785 orumque
312 1689 491 1764 librorum
512 1690 658 1764 facilem
684 1689 881 1763 lectionem
908 1690 1023 1764 otium
1041 1691 1153 1788 cogit.

106 1803 197 1876 lnde
225 1814 352 1876 autem
378 1803 573 1900 contingit,
590 1813 633 1876 ut
656 1801 781 1876 adres
805 1803 955 1877 maximi
978 1804 1155 1878 momenti

105 1915 414 1990 administrandas
448 1927 486 1989 et
519 1916 567 1989 ab
600 1915 748 2012 ingenio
780 1926 817 1988 et
847 1940 870 1988 a
900 1915 1070 1990 doctrina
1098 1918 1155 1990 in-

107 2040 270 2103 structos
290 2053 328 2102 se
346 2053 426 2103 esse
439 2029 676 2103 arbitrentur.
729 2028 916 2103 Quoniam
929 2040 1054 2103 autem
1078 2055 1154 2106 non

105 2165 234 2216 omnes
251 2152 350 2232 sunt,
374 2142 473 2238 quod
499 2141 569 2215 sibi
596 2141 768 2215 videntur
793 2165 884 2233 esse,
903 2155 941 2216 et
964 2143 996 2217 si
1019 2153 1152 2234 essent,

104 2279 180 2328 non
207 2265 333 2330 tamen
354 2279 492 2345 omnes
518 2265 669 2352 propter
688 2255 975 2347 multitudinem,
1002 2257 1050 2330 ad
1075 2281 1155 2330 mu-

103 2393 194 2442 nera
209 2369 362 2466 publica
388 2369 556 2443 adhiberi
582 2378 743 2464 possent,
761 2393 911 2442 necesse
938 2381 994 2444 est
1019 2372 1154 2445 multos

102 2483 298 2579 praeteriri.
350 2484 402 2557 Hi
427 2483 542 2580 igitur
559 2482 818 2556 contumeliam
843 2483 912 2556 sibi
933 2483 1014 2556 fieri
1031 2483 1155 2558 exuti-

102 2608 260 2686 mantes
278 2596 370 2669 nihil
397 2596 513 2692 magis
540 2595 580 2667 in
603 2595 698 2668 votis
721 2596 861 2678 ¹habere
890 2607 1055 2692 possunt,
1073 2608 1154 2671 tum

102 2710 244 2784 invidia
260 2709 300 2783 in
324 2711 393 2784 sibi
419 2709 602 2806 praelatos,
620 2719 701 2782 tum
718 2709 930 2806 emergendi
947 2733 1024 2806 spe,
1043 2733 1154 2806 quam

101 2836 145 2896 ut
180 2821 336 2897 consilia
367 2823 515 2918 publica
548 2833 702 2895 eventus
740 2821 904 2896 infelices
939 2822 1152 2897 sortiantur.

102 2921 267 3033 Ideoque
284 2936 418 3008 mirum
445 2959 520 3008 non
548 2947 616 3026 est,
640 2936 671 3009 si
691 2959 815 3008 rerum
841 2959 1019 3010 novarum
1046 2961 1152 3010 occa-

101 3050 224 3124 siones
242 3048 385 3144 cupidis
402 3048 533 3122 animis
551 3049 801 3144 opperiantur.

157 3172 215 3235 ll.
243 3161 347 3234 Inter
364 3161 516 3234 affectus
528 3160 722 3235 seditiosos
732 3162 961 3236 numeranda
971 3175 1027 3237 est
1040 3165 1152 3239 etiam
1178 3190 1349 3238 laeana-

101 3300 192 3375 apea
210 3274 394 3348 uincendi.
447 3274 530 3348 Sint
548 3276 646 3348 enim
663 3275 843 3365 homines,
862 3287 1042 3373 quantum
1069 3280 1151 3376 quis
1178 3256 1334 3367 mi?

100 3386 273 3476 voluerit,
298 3387 531 3482 opinionibus
548 3387 631 3482 paci
648 3397 686 3460 et
711 3387 881 3484 regimini
898 3388 997 3463 civili
1018 3415 1153 3489 repug-

101 3502 279 3575 nantibus
295 3501 448 3585 imbuti;
475 3501 560 3590 sint,
572 3512 752 3597 quantum
769 3501 850 3574 fieri
867 3513 999 3598 potest,
1009 3503 1152 3601 injuriis

102 3627 139 3690 et
156 3613 402 3703 contumeliis,
416 3614 461 3686 ab
480 3612 524 3686 iis
542 3613 605 3709 qui
618 3614 656 3686 in
669 3613 892 3688 authoritate
909 3627 1005 3704 sunt,
1018 3616 1096 3690 laesi
1114 3629 1152 3689 et

100 3728 281 3812 lacessiti;
308 3727 340 3800 si
356 3737 480 3800 tamen
497 3727 668 3800 vincendi
680 3750 768 3826 apes
782 3727 883 3801 nulla
895 3741 961 3802 aut
973 3753 1048 3803 non
1062 3729 1152 3802 satis

100 3865 240 3938 magna
255 3853 444 3937 appareat,
457 3840 560 3913 nulla
576 3850 751 3936 sequetur
768 3839 921 3926 seditio;
950 3841 1152 3916 dissimula-

100 3955 196 4028 bunt
214 3954 361 4049 singuli,
379 3967 417 4027 et
433 3953 561 4052 gravia
572 3954 695 4050 potius
708 3953 828 4028 ferent
845 3980 954 4051 quam
970 3955 1150 4051 graviora.

101 4067 161 4140 Ad
178 4069 276 4141 hanc
293 4091 396 4165 opem
414 4067 619 4141 necessario
641 4067 879 4162 requiruntur
896 4082 1066 4165 quatuor,
1085 4094 1150 4142 rra-

101 4207 237 4271 merua,
257 4181 513 4269 instrumenta,
532 4180 826 4276 mutuafiducia,
846 4193 884 4256 et
902 4183 1025 4260 doces.
1063 4183 1149 4262 Sine
