2918 4912
295 313 349 362 nn
370 311 550 366 uncinus
570 313 747 367 nuruum
769 314 981 374 unnrours.
1089 296 1158 364 185

114 478 337 570 redditione,
362 478 558 572 locatione,
585 481 842 572 conductione,
873 479 1100 577 caeterisqne,
1128 479 1160 553 si
1189 511 1285 562 sucu.
1300 509 1352 564 111.

114 592 178 688 qui
206 603 307 682 sunt,
335 595 477 668 actibus
504 595 601 669 inter
626 619 665 668 se
691 593 1007 676 contrahentium
1038 590 1103 664 ubi
1128 587 1160 664 si
1199 589 1343 694 ss

113 705 258 803 aequale
276 729 344 804 pro
367 707 499 802 aequoli
519 705 706 798 reddatur,
724 706 826 780 nasci
851 705 1024 802 inquiunt
1039 702 1159 799 justi·
1173 727 1344 804 muscoque

114 818 208 891 tiam
227 820 536 894 conrmutotioam.
582 821 691 892 Hanc
710 842 798 893 vero
821 819 920 891 circo
942 816 1159 914 dignitatem
1172 799 1339 902 ,fflffi

114 943 153 1004 et
165 931 302 1004 merita
318 931 520 1018 hominum,
539 934 592 1007 ita
608 946 651 1007 ut
668 933 699 1006 si
716 932 849 1030 cuique
869 933 1055 1007 tribuatur
1073 932 1160 1028 παρὰ
1173 922 1336 1032 ᾞξω

114 1079 172 1126 την
187 1045 293 1135 ἀξίαν,
311 1047 428 1142 majus
445 1047 480 1120 ei
504 1047 567 1144 qui
584 1046 741 1144 dignior,
768 1047 887 1120 miuus
908 1047 943 1120 ei
960 1045 1024 1142 qui
1040 1046 1161 1119 minus

115 1157 264 1254 dignun,
279 1157 389 1254 idque
401 1159 690 1256 proportionate,
705 1159 844 1233 oriatur
852 1159 1011 1254 justitia
1026 1158 1162 1232 distri-

115 1271 258 1343 butiva.
290 1271 462 1367 Agnosco
473 1271 534 1344 hic
549 1271 826 1346 distinctionem
840 1273 1025 1368 quondam
1038 1295 1161 1368 aequa-

114 1383 244 1473 litatio,
264 1407 397 1480 nempe
414 1397 456 1458 ut
473 1409 547 1458 uno
572 1385 620 1459 sit
637 1385 827 1482 aequalitas
854 1385 1081 1482 simpliciter,
1099 1409 1162 1460 ve-

115 1497 184 1570 luti
202 1498 353 1594 quando
371 1509 631 1594 comparantur
647 1499 745 1572 inter
762 1523 801 1572 se
820 1498 902 1573 duae
927 1522 986 1572 res
1012 1497 1163 1594 aequalis

116 1611 241 1708 pretii,
247 1622 291 1683 ut
302 1610 395 1684 libra
405 1613 548 1708 argenti
563 1637 646 1686 cum
661 1613 856 1686 duodecim
867 1613 986 1687 unciis
1000 1613 1162 1711 ejusdem

116 1724 290 1821 argenti3
330 1725 449 1798 altera
466 1725 655 1822 aequolitns
679 1725 881 1799 secundum
900 1725 1000 1823 quid,
1019 1736 1062 1800 ut
1079 1751 1164 1800 cum
1214 1759 1217 1766 ’

116 1848 270 1911 centnm
297 1837 506 1912 hominibus
536 1838 798 1913 distribuendae
825 1839 899 1912 sint
924 1839 1024 1913 mille
1047 1840 1163 1930 librae,

116 1961 306 2025 sexcentae
324 1951 461 2025 dentur
477 1952 667 2048 sexaginte
683 1951 904 2042 hominibus
923 1965 961 2026 et
989 1953 1163 2050 quadrin-

115 2075 241 2162 gentae
273 2064 540 2162 quodraginta3
567 2065 631 2138 ubi
654 2089 729 2139 non
755 2077 811 2138 est
844 2065 1032 2163 aequnlitas
1067 2067 1165 2141 inter

116 2188 192 2256 600
212 2187 251 2252 et
274 2185 370 2260 400;
397 2177 461 2252 sed
479 2203 563 2252 cum
588 2178 742 2252 eandem
768 2179 950 2276 contingit
975 2181 1165 2277 aequalito-

117 2299 194 2365 tem
214 2315 294 2364 esse
311 2291 408 2365 inter
426 2317 618 2367 numerum
633 2317 772 2382 eorum,
790 2295 922 2390 quibus
940 2294 1165 2370 distribuun-

116 2415 192 2495 tur,
210 2405 464 2502 unusquisque
490 2429 617 2479 eorum
642 2407 820 2501 aeqnelem
845 2418 989 2503 partem
1006 2409 1163 2494 auferet;

117 2518 218 2593 unde
233 2517 369 2592 dicitur
381 2519 531 2614 aequolis
545 2519 764 2594 distributio.
799 2519 897 2594 Talis
908 2533 1030 2594 autem
1042 2547 1165 2619 aeqna-

117 2633 203 2706 litas
230 2631 361 2706 eedem
388 2657 446 2706 res
473 2645 530 2706 est
556 2657 640 2707 cum
665 2635 902 2731 proportione
926 2635 1163 2731 geometrico.

119 2746 195 2819 Sed
219 2745 312 2843 quid
338 2746 418 2820 haec
448 2747 497 2820 od
522 2748 731 2844 justitiam?
784 2748 881 2822 Nam
906 2773 1025 2846 neque
1052 2750 1166 2822 sires

120 2871 269 2933 nostras
286 2859 487 2934 vendamus
511 2862 640 2959 quanti
657 2887 863 2959 possumus
882 2863 1016 2960 injurio
1032 2863 1107 2936 ullo
1123 2864 1166 2936 fit

120 2973 268 3063 emtori,
284 2973 347 3069 qui
362 2973 399 3046 id
413 2975 540 3063 voluit,
554 2983 591 3047 et
604 2975 711 3071 petiit
724 3007 733 3060 ;
760 2999 879 3072 neque
895 2976 925 3050 si
938 2975 984 3048 de
997 2997 1079 3050 meo
1091 2976 1165 3050 dis-

121 3087 290 3160 tribuero
306 3087 389 3183 plus
402 3087 558 3160 merenti
575 3088 707 3178 minue,
734 3089 845 3162 modo
862 3088 901 3161 id
914 3088 1050 3162 dedero
1068 3089 1168 3186 quod

121 3211 255 3297 pactus
272 3223 365 3288 sum,
390 3201 514 3273 neutri
536 3201 580 3274 fit
609 3201 754 3297 injuria.
809 3199 852 3273 Id
880 3202 982 3298 quod
1011 3213 1168 3276 testatur

122 3315 200 3412 ipse
230 3315 406 3388 Servator
432 3325 558 3388 noster
576 3315 742 3388 Christus
771 3315 870 3388 Dens
897 3315 934 3388 in
954 3316 1166 3412 Evangelio.

123 3429 209 3502 Non
226 3426 410 3524 igiturest
424 3451 468 3500 en
480 3427 635 3524 justitiae
646 3428 846 3516 distincti0,
858 3429 922 3502 sed
936 3429 1166 3525 aequalitetis.

123 3541 265 3638 Negari
290 3551 415 3644 temen
448 3540 544 3613 forte
575 3565 650 3614 non
680 3552 803 3638 potest
833 3541 922 3638 quin
948 3541 1094 3638 justitia
1120 3542 1167 3614 sit

123 3655 314 3752 aequnlitas
340 3655 487 3751 aliqum
514 3655 688 3728 nimirum
706 3680 788 3751 qnae
815 3655 852 3728 iu
871 3681 915 3729 eo
933 3667 1077 3730 tantum
1097 3653 1169 3728 sita

125 3769 181 3859 sit,
199 3781 243 3842 nt
261 3792 346 3840 cnm
363 3769 521 3864 aequales
539 3783 671 3844 natura
694 3794 821 3843 omnes
840 3771 965 3859 simus,
984 3771 1076 3844 alter
1092 3794 1168 3842 non

125 3890 275 3979 arroget
292 3877 362 3955 sibi
378 3882 582 3978 plusjuric,
594 3909 704 3980 qnam
718 3883 824 3957 alteri
836 3885 1026 3973 concedat,
1044 3883 1115 3956 nisi
1130 3882 1169 3956 id

117 3996 222 4092 juris
236 3994 306 4068 sibi
322 3995 441 4091 pactis
458 3995 678 4093 acquisitum
693 3995 750 4069 sit.
803 3997 927 4092 Atque
940 3997 1021 4070 haec
1039 4007 1169 4070 eontra

126 4105 400 4182 distinctionem
413 4107 691 4204 illamjustilr'oe,
704 4134 925 4206 quamquam
939 4111 987 4183 ab
999 4111 1169 4184 omnibus

125 4245 219 4319 pene
245 4231 445 4317 receptam,
464 4221 563 4296 dicto
584 4223 681 4297 sint:
710 4245 756 4296 ne
776 4223 856 4312 quis
874 4223 1051 4300 iniuriam
1070 4223 1167 4292 atiud
