2912 4912
184 283 257 349 1'481
479 298 690 350 parsurum
710 298 764 349 an
786 295 1016 351 uncronns:

179 501 332 597 cupiunt
343 499 498 590 dederis,
509 502 656 598 plorant
666 512 776 599 atque
789 502 1006 593 irascuntur,
1018 502 1128 576 etiam
1142 512 1317 599 parentes.

179 648 277 744 ipsos
290 647 495 736 verberant,
513 648 722 744 habentque
740 659 906 721 anatura
919 658 962 721 ut
978 648 1031 721 ita
1046 647 1199 731 faeiant3
1210 656 1317 720 atta.

179 811 264 882 men
290 797 397 894 eulpa
421 807 565 884 vacant,
582 821 702 895 neque
719 797 807 871 mali
825 808 920 886 sunt,
937 796 1056 892 primo
1074 795 1162 892 quia
1178 818 1318 868 nocere

179 971 255 1024 nou
264 957 427 1047 possunt,
439 945 570 1020 deinde
585 946 671 1043 quia
683 946 833 1019 rationis
845 969 914 1018 usu
928 954 1093 1018 carentes
1111 944 1312 1018 officiorum

181 1095 344 1169 emnium
357 1096 535 1168 immunes
551 1107 647 1168 sunt.
679 1093 795 1168 Iidem
809 1094 839 1166 si
853 1093 979 1167 adulta
992 1103 1113 1204 aetate,
1126 1092 1314 1190 acquisitis

181 1246 320 1333 uiribus
346 1247 477 1344 quibus
501 1270 635 1321 nocere
659 1255 824 1343 possunt,
849 1243 977 1318 eadem
1002 1245 1123 1318 facere
1145 1255 1313 1342 pergant,
1450 1245 1451 1252 ’

180 1405 260 1471 tum
277 1419 364 1469 vero
381 1396 523 1504 maliet
539 1419 617 1469 esse
634 1406 671 1468 et
688 1393 863 1491 appellari
885 1391 1076 1489 incipiunt.
1128 1394 1185 1466 Ita
1201 1404 1244 1468 ut
1259 1393 1315 1466 vir

181 1545 297 1620 malus
319 1544 417 1620 idem
441 1546 518 1619 fere
533 1545 591 1634 sit,
616 1543 715 1640 quod
738 1566 829 1639 puer
842 1543 1023 1632 robustus,
1046 1541 1104 1615 vel
1118 1542 1175 1615 vir
1192 1541 1314 1614 animo

181 1696 323 1792 puerili,
342 1707 380 1770 et
394 1695 535 1771 mulitia
546 1695 646 1770 idem
662 1693 762 1790 qnod
783 1693 945 1767 defectus
961 1693 1114 1767 rationis
1132 1717 1177 1767 ea
1194 1704 1314 1783 aetate,

183 1867 259 1943 qua
267 1868 334 1943 per
345 1856 526 1934 naturam,
540 1843 731 1940 disciplina
740 1853 850 1939 atque
861 1841 1079 1921 damnorum
1092 1842 1317 1939 experientia

182 1997 434 2092 gubernatam,
458 1994 624 2069 accidere
647 1993 856 2069 hominibus
879 1993 982 2066 solet.
1034 1992 1116 2067 Nisi
1139 2015 1236 2090 ergo‘
1252 1992 1318 2066 ho-

183 2149 299 2221 mines
317 2146 400 2220 ideo
417 2156 588 2219 enatura
610 2146 729 2219 factos
752 2145 866 2218 malos
888 2166 967 2217 esse
990 2141 1200 2232 dixerimus,
1220 2142 1319 2237 quod

185 2296 413 2393 disciplinam
430 2305 467 2368 et
483 2319 588 2369 usum
607 2295 758 2369 rationis
775 2320 798 2367 a
813 2304 945 2368 natura
967 2316 1042 2366 non
1064 2291 1214 2382 habent,
1233 2316 1319 2365 aon-

184 2444 362 2528 fitendum
372 2453 428 2518 est
437 2467 543 2541 posse
553 2445 894 2518 hominesanatura
903 2441 1155 2538 cupiditatem,
1164 2453 1318 2530 metum,

185 2591 288 2681 iram,
316 2600 542 2686 caeterosque
564 2592 716 2663 affectus
745 2589 881 2662 habere
910 2587 1096 2677 animales,
1124 2599 1168 2661 ut
1195 2599 1319 2661 tamen
1449 2603 1450 2612 ’

184 2741 272 2814 muli
288 2740 378 2814 faeti
394 2765 417 2813 a
433 2750 566 2813 natura
581 2763 655 2812 non
674 2737 758 2811 sint.
811 2738 968 2810 Immoto
989 2733 1102 2833 igitur
1125 2735 1225 2832 quod
1248 2737 1319 2832 jeci

185 2887 438 2980 undamento,
452 2889 606 2964 ostendo
619 2888 737 2985 primo
752 2886 1001 2960 conditionem
1014 2885 1204 2961 hominum
1216 2897 1321 2960 extra
1449 2943 1450 2946 ,

187 3040 401 3113 societatem
418 3040 573 3128 civilem,
597 3062 706 3135 quam
732 3037 980 3112 conditionem
1004 3035 1187 3132 appellare
1212 3035 1322 3108 liceat
1449 3055 1450 3058 ’

187 3200 323 3271 statum
347 3200 501 3280 naturae,
527 3190 636 3264 aliam
658 3212 734 3263 non
760 3213 837 3262 esse
864 3212 974 3285 quam
998 3186 1134 3260 bellum
1157 3186 1322 3259 omnium
1449 3175 1450 3198 ¹

188 3352 317 3414 eontra
333 3364 479 3425 omnes;
506 3351 616 3436 atque
639 3339 679 3410 in
705 3363 749 3412 eo
774 3338 871 3412 bello
895 3340 955 3436 jus
983 3361 1061 3411 esse
1091 3336 1262 3410 omnibus
1284 3336 1322 3408 in

188 3490 331 3564 omnia:
361 3489 492 3563 deinde
519 3488 694 3563 homines·
712 3512 838 3561 omnes
867 3511 912 3562 ex
934 3512 987 3561 eo·
1003 3496 1102 3562 statu
1126 3485 1262 3559 misero
1286 3495 1324 3558 et

188 3643 327 3734 odioso,
358 3642 574 3715 necessitate
602 3651 743 3713 naturae
772 3664 858 3730 suae,
889 3639 1108 3735 simulatque
1137 3636 1323 3714 miseriam

114 3849 117 3862 .
188 3789 286 3862 illam
300 3789 557 3878 intellexerint,
572 3788 671 3861 exire
683 3787 777 3861 velle
790 3815 798 3859 ι
813 3787 852 3860 id
864 3798 998 3878 autem,
1011 3787 1082 3861 nisi
1096 3761 1201 3861 initis¹
1207 3787 1324 3883 pactis

189 3941 313 4037 ajure
336 3941 460 4015 suein
487 3939 610 4013 omnia
633 3939 823 4028 decedant,
847 3937 927 4011 fieri
947 3962 1022 4012 non
1038 3961 1155 4034 posse.
1207 3938 1323 4011 Porro
1448 3951 1449 3960 ’

189 4115 271 4188 quae
285 4091 333 4164 sit
344 4101 536 4187 pactorum
548 4098 691 4180 natura,
705 4112 778 4184 quo
792 4086 902 4162 modo
913 4088 998 4183 jura
1008 4088 1054 4161 ab
1068 4087 1139 4160 alio
1151 4087 1189 4161 in
1200 4087 1325 4176 alium,

191 4253 233 4318 ut
248 4253 358 4341 pacta
373 4241 493 4317 valida
509 4243 611 4331 fiant,
629 4241 819 4320 transferri
835 4239 1017 4326 debeant3
1035 4239 1125 4326 item
1142 4265 1225 4338 quae
1242 4241 1329 4338 jura
