2904 4916
312 277 385 344 282
457 269 461 278 '
726 293 977 352 rupuaruu..

116 487 213 542 socr,
228 492 280 545 111,
310 461 468 558 plicem?
518 459 672 551 Deinde,
689 472 733 535 ut
748 462 938 536 veniamus
952 459 1001 536 ad
1012 461 1222 559 exemplum
1243 463 1360 561 ipsius

127 569 270 672 ᾧ
312 574 461 665 Christi,
480 575 541 649 cui
550 577 634 672 jure
657 575 893 650 haereditario
911 601 933 650 a
950 576 1092 648 Davide
1109 575 1279 650 derivato
1297 578 1361 651 dc-

98 707 260 785 ¹tuoruum¹
309 688 466 762 bebatur
492 713 648 785 regnum
664 690 891 780 Judaeorum,
909 691 952 780 ie,
972 714 1056 762 cum
1086 715 1189 764 more
1220 690 1361 765 subditi

96 785 283 882 fflffisffi
310 802 461 889 viveret,
481 802 663 875 tributum
692 803 831 876 Caesari
858 812 895 876 et
920 801 1117 900 pendebat,
1135 814 1175 875 et
1202 803 1361 878 Caesaris

95 902 390 1011 ffisssslfflffiesse
406 916 685 1012 pronunciabat.
737 915 915 1007 Reddite,
939 915 1072 1013 inquit,
1095 917 1250 1009 (Matth.
1269 918 1359 990 xxii.

95 1028 375 1122 cis⁰⁰¹¹¹1¹¹⁰b¹⁸t¹¹¹¹¹2l)
402 1051 483 1125 que
509 1038 596 1100 cunt
625 1029 803 1116 Gesseris,
825 1028 983 1121 Catari,
1001 1040 1039 1102 et
1063 1054 1144 1128 que
1160 1041 1250 1104 suat
1269 1032 1360 1120 Dei,

309 1141 405 1215 Deo.
457 1141 571 1232 Idem,
589 1166 674 1215 cum
690 1142 886 1238 placuisset
915 1143 951 1216 ei
979 1166 1105 1239 regem
1127 1167 1253 1240 agere,
1272 1145 1361 1218 obe-

309 1254 484 1328 dientiam
501 1255 684 1352 integram
700 1256 922 1352 requirebat.
973 1256 1049 1346 Ite,
1066 1256 1188 1351 inquit
1204 1257 1360 1350 (Matth.

309 1367 384 1442 xxi.
408 1379 444 1459 2,
468 1369 531 1464 3):
559 1369 599 1442 ire
623 1368 819 1442 castellum
842 1370 946 1466 quod
961 1379 1096 1443 contra
1123 1396 1188 1442 coc
1218 1381 1292 1462 eet,
1322 1383 1360 1446 et

310 1483 440 1555 statim
457 1482 654 1556 invenietis
668 1481 813 1555 acinam
831 1482 1047 1580 adligatam,
1065 1492 1104 1556 et
1114 1483 1266 1581 pullum
1279 1510 1360 1558 cum

310 1620 356 1668 cc
369 1624 385 1680 ;
411 1595 546 1668 solvite
569 1605 608 1668 et
637 1594 818 1668 adducite
845 1594 936 1667 eiiii
949 1621 962 1666 :
989 1605 1028 1667 et
1045 1595 1080 1667 ci
1097 1595 1184 1692 quis
1208 1595 1363 1694 aliquid

310 1709 466 1798 dicerit,
502 1707 632 1797 dicite,
665 1708 768 1807 qaod
798 1707 980 1780 Dominus
1014 1708 1076 1780 Iris
1107 1733 1202 1806 opus
1233 1709 1358 1784 tabet.

310 1822 412 1896 Fecit
424 1822 538 1919 igitur
553 1822 625 1896 hoc
648 1823 732 1918 jure
749 1821 902 1911 domini,
920 1821 996 1895 sive
1014 1822 1111 1919 regis
1127 1821 1357 1896 Judaeornm.

308 1935 453 2011 Tollere
466 1959 553 2009 vero
571 1935 719 2010 subdito
731 1936 829 2009 bona
847 1959 923 2025 sua,
943 1958 986 2008 eo
1005 1935 1153 2008 nomine
1172 1937 1276 2033 quod
1293 1936 1360 2008 do-

309 2049 429 2120 minas
446 2075 540 2147 opas·
556 2048 680 2140 habet,
698 2049 892 2145 imperium
910 2049 1120 2124 absolutum
1137 2061 1206 2124 est.
1260 2053 1359 2126 Loca

308 2161 535 2235 Testamenti
551 2162 696 2235 Veteris
721 2163 760 2235 in
788 2162 944 2236 eandem
962 2163 1188 2236 sententiam
1205 2164 1358 2239 eviden-

308 2274 460 2364 tissime,
485 2274 565 2348 haec
593 2285 700 2360 sunt;
731 2275 840 2348 Dent.
859 2300 893 2348 v.
913 2279 985 2360 27:
1006 2296 1008 2302 ’
1043 2276 1100 2348 To
1130 2277 1285 2367 accede,
1318 2288 1359 2351 et

309 2387 401 2460 cudi
430 2409 594 2462 cuncta
622 2413 703 2486 quce
729 2389 874 2461 dixerit
891 2387 1074 2461 Dominae
1090 2389 1200 2462 Deus
1228 2401 1358 2464 noster

309 2499 390 2592 tibi,
404 2500 644 2599 loquerisque
657 2502 711 2575 ad
726 2527 805 2591 nos,
817 2511 855 2574 et
872 2527 939 2575 rios
956 2501 1155 2574 audientes
1157 2503 1357 2598 faciemus

307 2638 365 2687 ea.
408 2614 458 2687 At
473 2615 540 2688 sub
551 2638 681 2689 vocem
693 2614 805 2704 illam,
820 2623 965 2704 cancta,
979 2614 1127 2711 integra
1144 2617 1358 2691 continetur

307 2728 527 2801 obedientia.
564 2729 703 2800 Rursus
721 2729 769 2801 ad
778 2728 801 2801 J
803 2751 917 2802 osuen
937 2727 1054 2820 (Josu.
1072 2727 1098 2800 i.
1114 2732 1261 2824 16-18):
1281 2731 1357 2803 Re-

306 2842 610 2941 sponderuntque
628 2839 846 2932 adJosuen,
865 2851 980 2939 atquc
998 2840 1190 2931 dicerunt,
1215 2864 1357 2916 catula

308 2981 388 3052 quce
402 2954 629 3053 precepisti
655 2954 762 3028 nobis
771 2954 981 3053 faciemus,
999 2964 1037 3027 ct
1051 2979 1273 3052 quocunque
1290 2957 1358 3030 mi-

308 3068 418 3158 seria,
434 3068 566 3142 ibimus
575 3097 591 3153 ;
609 3068 708 3142 sicut
718 3068 945 3142 obedivimus
963 3066 1003 3140 in
1019 3069 1357 3167 cuncn1sMoysi,

308 3182 366 3254 ito
384 3181 593 3255 obediemus
610 3191 649 3253 et
672 3180 743 3253 tibi
753 3209 767 3264 ;
795 3190 937 3254 tantum
964 3181 1018 3254 sit
1041 3181 1227 3256 Dominae
1248 3183 1358 3258 Deua

309 3306 393 3368 tuac
425 3304 554 3384 tecum,
582 3293 681 3367 sicut
692 3293 782 3389 fcit
806 3319 885 3366 cam
904 3295 1053 3393 Mopse.
1109 3296 1183 3382 Qui
1201 3307 1358 3371 coatra-

307 3408 452 3482 dicerit
480 3407 540 3480 ori
570 3417 644 3497 tuo,
663 3416 701 3479 ct
718 3431 791 3478 aaa
817 3405 1003 3480 obedierit
1021 3431 1201 3484 euncrls
1217 3435 1358 3484 sermo-

306 3521 426 3612 nibus,
445 3546 538 3620 quoe
548 3519 786 3619 preceperit
803 3519 851 3610 ci,
869 3520 1065 3594 moriatur.
1116 3524 1166 3595 Et
1176 3524 1358 3618 parabola

306 3636 451 3710 rhamni
465 3636 565 3730 (Jud.
583 3636 632 3710 ix.
649 3632 774 3729 14,15)
791 3663 799 3706 :
817 3633 1083 3732 Dicerantque
1100 3637 1225 3710 omnio
1243 3636 1357 3737 ligna

306 3751 361 3825 cd
384 3751 588 3841 rhamnum,
622 3749 705 3823 verti
733 3757 771 3820 et
799 3747 945 3845 impera
980 3772 1095 3847 cuper
1124 3774 1204 3822 reos.
1261 3752 1357 3837 Qec

306 3861 505 3962 respondit
522 3862 584 3953 iic,
598 3861 633 3935 si
650 3885 737 3934 cere
754 3885 809 3932 me
826 3884 955 3959 regem
968 3860 1212 3953 constituitis,
1230 3867 1357 3938 venite

305 3987 345 4050 ct
373 3977 440 4051 aab
467 3975 597 4049 umbra
627 3999 708 4047 mec
738 3974 965 4072 requiescite
976 4002 992 4058 ,·
1030 3974 1090 4048 eia
1121 3985 1244 4049 cutem
1280 4003 1356 4052 non

306 4089 432 4181 cultis,
470 4088 696 4188 egrediatur
727 4087 832 4186 ignis
866 4084 914 4159 de
947 4087 1102 4160 rhamno
1129 4099 1167 4162 et
1197 4090 1356 4164 devoret

306 4203 440 4288 cedros
458 4202 609 4276 Libani.
663 4201 830 4278 Quorum
847 4202 1045 4276 verborum
1071 4205 1256 4278 sententia
1282 4219 1354 4295 est,
