2918 4912
277 267 351 332 246
564 281 567 290 ·
676 283 907 339 latratuum.

81 481 178 531 sacr.
194 481 245 530 111.
275 458 338 523 tur
353 451 511 547 populus
528 453 655 526 statim
672 453 846 539 dissolvi;
872 454 1140 551 imperiumque
1153 455 1234 552 ejus
1247 477 1329 529 esse

90 557 235 662 „Le
275 564 455 654 absolute,
473 566 537 661 qui
566 567 618 640 sie
648 566 880 642 declaratur:
906 578 1105 664 propterea
1122 569 1224 666 quod
1249 593 1328 643 non

93 689 333 751 osmonteuuest
348 679 388 751 iu
412 689 596 776 potestate
622 681 758 754 civium
784 693 828 755 ut
853 681 984 754 civitas
1010 693 1239 771 renascamur,
1255 681 1328 754 nisi

92 762 222 820 ΜΨ
273 791 365 865 velit
391 792 422 864 is
448 793 511 887 qui
540 793 737 889 imperium
762 794 861 866 solus
884 794 1008 867 habet.
1061 794 1194 890 Neque
1210 793 1328 867 refert

275 904 375 1000 quod
391 904 553 1001 potuerit
565 907 783 1002 promittere
795 929 834 979 se
851 907 949 980 cives
967 906 1079 980 certis
1096 908 1328 1004 temporibus

275 1028 575 1109 convocaturum,
606 1043 692 1092 cum
720 1045 796 1093 non
826 1031 929 1093 extet
953 1020 1043 1115 jam,
1071 1020 1143 1093 nisi
1170 1020 1327 1095 arbitrio

274 1133 365 1228 ejus,
376 1155 548 1230 persono
565 1133 626 1205 cui
641 1133 863 1229 promissum
876 1142 946 1206 est.
997 1133 1094 1208 Quae
1105 1131 1267 1206 diximus
1280 1134 1326 1207 de

275 1254 435 1340 quatuor
443 1244 633 1340 praedictis
650 1246 795 1318 casibus
804 1244 959 1343 populi,
976 1245 1217 1318 monarchum
1236 1256 1326 1319 tem-

266 1357 470 1455 porarium
488 1358 668 1455 eligentis,
680 1358 825 1454 plenius
842 1358 1124 1455 explicabuntur
1139 1383 1208 1455 per
1225 1383 1327 1434 com-

273 1472 506 1568 parationem
540 1497 626 1546 eum
658 1473 863 1548 morrorclro
894 1471 1079 1561 obvoluto,
1114 1473 1176 1546 cui
1202 1474 1327 1548 nullus

274 1597 428 1682 apparet
460 1586 590 1659 haeres.
652 1584 823 1684 Populus
857 1585 957 1658 enim
991 1585 1160 1658 dominos
1190 1587 1327 1660 civium

273 1699 358 1773 talis
376 1708 443 1789 est,
460 1711 504 1772 ut
520 1697 718 1788 haeredem,
736 1698 807 1771 nisi
825 1722 935 1795 quem
958 1698 1127 1772 nominat
1152 1699 1246 1795 ipse,
1263 1701 1329 1793 ha-

272 1812 361 1886 bere
391 1836 468 1886 non
493 1812 622 1909 possit.
675 1813 870 1902 Praeterea,
887 1812 1082 1886 intervalla
1106 1811 1205 1886 iuter
1233 1824 1328 1886 tem-

272 1949 365 2022 pora
391 1937 594 1999 conventus
612 1925 748 1999 civium
764 1925 971 2022 comparari
995 1935 1150 2022 possunt
1166 1926 1215 1999 ad
1233 1938 1328 2000 tern-
1448 1987 1449 2016 ,

270 2061 365 2135 pora
397 2039 604 2113 dormiendi
637 2040 676 2113 in
709 2038 924 2113 monarcho.
982 2039 1192 2136 Utrobique
1227 2040 1328 2113 enim

273 2161 383 2224 actua
397 2153 603 2248 imperandi
621 2163 778 2243 cessant,
795 2152 969 2250 potentio
981 2152 1174 2226 retinetur.
1215 2152 1329 2226 Deni-

273 2288 345 2360 qne
369 2265 424 2338 ita
449 2265 598 2339 dissolvi
619 2279 855 2357 conventum,
872 2279 916 2340 ut
941 2290 1017 2340 non
1042 2266 1160 2362 possit
1188 2267 1328 2340 iterum

274 2378 485 2469 convenire,
503 2403 603 2454 mors
630 2381 759 2477 populi
787 2390 867 2454 est:
893 2379 990 2453 sicut
1015 2379 1069 2452 ita
1095 2379 1259 2454 dormire
1285 2389 1329 2455 ut

274 2515 464 2588 nunquam
480 2493 633 2590 vigilare
649 2494 779 2591 possit,
792 2517 892 2568 mors
908 2493 1069 2567 hominis
1086 2503 1154 2568 est.
1185 2494 1328 2570 Quem-

275 2604 476 2679 admodum
502 2606 618 2702 igitur
638 2630 716 2697 rex,
740 2605 801 2679 cui
825 2607 944 2680 haeres
960 2606 1083 2679 nullus
1099 2618 1169 2696 est,
1188 2607 1329 2680 dormi-

273 2728 379 2792 turus
396 2719 450 2792 ita
465 2730 509 2792 ut
526 2742 716 2816 nunquam
742 2719 860 2816 possit
876 2720 1146 2815 expergiscere,
1164 2720 1240 2793 hoc
1257 2732 1328 2810 est,

273 2833 485 2924 moriturus,
503 2834 534 2906 si
551 2834 666 2908 tradit
682 2833 793 2906 alicui
809 2856 994 2906 summum
1010 2831 1207 2928 imperium
1225 2857 1330 2908 exer·

274 2947 434 3020 cendum
450 2947 570 3021 donec
587 2947 825 3044 evigilaverit,
837 2947 953 3020 tradit
963 2946 998 3019 ei
1013 2967 1082 3042 per
1094 2969 1330 3042 consequens
1446 3001 1447 3032 ,

274 3060 542 3133 successionem
556 3092 566 3146 ;
593 3061 647 3134 ita
663 3083 809 3156 quoque
819 3059 1001 3157 populus,
1013 3058 1077 3154 qui
1086 3060 1330 3134 monarcham

273 3173 539 3269 temporarium
566 3172 704 3268 eligens
735 3171 845 3245 simul
868 3172 990 3245 aufert
1007 3172 1077 3244 sibi
1102 3181 1329 3268 potestatem

273 3284 530 3376 conveniendi,
544 3285 660 3359 tradit
676 3287 748 3382 ipsi
764 3286 970 3360 dominium
987 3285 1160 3359 civitatis.
1199 3287 1328 3375 Porro,

274 3411 317 3474 ut
333 3423 413 3490 rex,
431 3401 494 3496 qui
512 3400 735 3473 dormiturus
748 3401 788 3473 in
800 3411 947 3496 tempus
961 3399 1124 3496 aliquod,
1141 3421 1328 3474 summum

274 3513 469 3612 imperium
485 3514 547 3587 ulii
564 3513 630 3586 dat
659 3513 1004 3602 administrandum,
1022 3513 1122 3586 idem
1148 3537 1328 3612 experge-

274 3627 395 3703 factus
411 3628 568 3724 recipit3
596 3627 649 3699 sic
672 3627 851 3725 populus,
869 3627 1074 3700 monarcha
1092 3628 1327 3725 temporario

275 3741 410 3832 electo,
438 3743 602 3816 retinens
632 3741 693 3836 jus
723 3740 881 3814 coeundi
911 3740 960 3814 ad
989 3749 1133 3814 certum
1163 3740 1263 3814 diem
1289 3753 1328 3815 et

274 3854 409 3946 locum,
428 3879 472 3928 eo
485 3855 545 3930 die
558 3853 690 3949 recipit
707 3853 903 3950 imperium
920 3877 1039 3927 suum.
1065 3855 1116 3927 Et
1133 3854 1231 3928 sicut
1247 3877 1326 3946 rex,

276 3966 340 4063 qui
357 3968 549 4064 imperium
575 3966 909 4042 administrandum
931 3967 995 4041 alii
1022 3967 1137 4058 dedit,
1160 3969 1242 4064 ipso
1270 3971 1326 4042 in-

275 4091 379 4154 terea
394 4081 580 4176 vigilante,
598 4089 723 4178 potest
739 4081 839 4154 idem
854 4103 1029 4154 revocare
1046 4081 1195 4177 quando
1222 4083 1324 4166 vult;

273 4193 327 4266 ita
342 4192 514 4290 populna,
533 4195 595 4290 qui
611 4219 678 4290 per
700 4207 847 4290 tempus
864 4193 1075 4268 monarche
1092 4195 1324 4293 temporario
