2896 4914
282 283 306 352 6
673 301 726 354 nn
746 302 927 356 noman.

29 445 30 456 Ν
98 495 194 546 sacr.
210 497 248 546 ῃ.
281 463 330 538 ad
356 485 532 538 venarum
556 465 704 540 iuterna
727 477 852 563 pateat
877 467 1011 556 aditus,
1041 466 1127 540 inde
1156 447 1321 566 incipere

100 573 242 678 ss
281 587 404 674 potest
415 599 586 654 vasorum
600 579 833 669 exulceratio,
851 580 945 654 utin
958 578 1018 653 lue
1030 603 1199 667 venerea,
1213 581 1321 658 initio

281 689 379 764 facto
396 711 419 764 a
435 702 560 765 meatu
575 691 749 782 urinario,
772 693 937 789 prorepit
952 716 1135 768 venenum
1151 718 1218 790 per
1234 719 1320 771 ure·

280 817 389 893 teres,
415 827 533 894 rencs,
560 828 671 880 venas
694 807 920 902 emulgentes
942 817 981 879 et
1003 830 1130 883 cavam
1153 809 1317 884 secundo

281 919 458 1014 sanguine
474 919 523 994 ad
539 943 614 1011 cor,
632 931 670 994 et
682 921 768 996 inde
780 944 847 1017 per
860 922 1012 995 arterias
1025 921 1064 996 in
1077 923 1240 1018 corporis
1252 924 1319 998 ha-

279 1032 410 1108 bitum.
457 1032 597 1108 Eodem
610 1034 719 1109 modo
731 1037 826 1108 fiunt
837 1035 956 1110 morbi
969 1045 1007 1107 et
1019 1045 1155 1108 mortes
1167 1045 1321 1132 propter

281 1146 567 1222 obstructionem
591 1149 754 1223 materiae
780 1172 862 1245 quae
888 1148 1051 1222 defertur
1078 1171 1145 1244 per
1173 1172 1320 1223 nervos,

282 1259 447 1357 Cumque
463 1261 544 1335 oliae
561 1261 686 1336 multae
710 1261 784 1336 sint
805 1261 935 1337 mortis
952 1272 990 1334 et
1007 1260 1219 1335 morborum
1235 1262 1319 1354 viae,
1436 1287 1437 1350 ξ

280 1373 443 1447 omnium
469 1385 593 1448 tamen
616 1399 731 1448 unum
755 1387 812 1474 est
834 1397 938 1470 opus
957 1385 1000 1446 ut
1017 1374 1234 1470 sanguinem
1251 1375 1319 1450 sis·

279 1497 373 1577 tent,
402 1487 460 1560 vel
488 1487 736 1583 intercipiant,
766 1485 824 1560 vel
852 1486 1080 1575 exhauriant,
1108 1486 1167 1560 vel
1193 1487 1320 1584 aliquo

279 1599 387 1674 modo
404 1599 629 1697 impediant;
657 1600 702 1673 de
720 1601 852 1698 quibus
868 1600 985 1674 fusius
1003 1599 1126 1674 dicere
1138 1601 1319 1698 professo

279 1725 335 1786 est
351 1713 590 1792 medicorum.

180 1829 236 1874 '⁰¹²0·
328 1834 364 1897 4.
391 1825 503 1900 Quod
515 1825 563 1898 ad
575 1825 850 1922 generationem
858 1825 1018 1899 hominis
1028 1826 1174 1916 attinet,
1185 1827 1319 1902 eodem

278 1937 355 2010 fere
372 1937 482 2011 modo
499 1939 667 2034 procedit
684 1963 756 2036 quo
768 1939 957 2035 generatio
969 1938 1192 2034 plantarum.
1234 1941 1319 2016 Ma-

278 2050 371 2124 teria
394 2051 602 2146 plantarum
627 2062 683 2125 est
706 2051 786 2146 ipsa
809 2061 920 2140 terra,
946 2075 1056 2147 quam
1081 2053 1203 2126 calore
1230 2077 1319 2128 evo·

278 2173 398 2242 catam
414 2162 550 2238 format
571 2174 693 2238 motus
715 2163 864 2238 seminis
887 2165 1078 2260 specificas
1095 2165 1134 2238 in
1151 2165 1317 2262 plantam

276 2277 415 2374 proprii
431 2276 589 2374 generis.
641 2276 816 2352 Similiter
832 2277 871 2350 in
887 2277 1126 2373 generatione
1142 2279 1316 2370 hominis,

277 2389 430 2464 materia
444 2389 558 2494 foetus
574 2401 631 2466 est
647 2390 796 2486 sanguis
820 2399 1020 2480 maternus,
1047 2414 1156 2488 quem
1177 2393 1315 2469 utrius-

276 2527 346 2601 que
363 2503 527 2599 parentis
549 2503 681 2582 humor
703 2501 890 2599 prolificus
907 2515 1030 2576 movet
1047 2503 1256 2602 formatque
1274 2507 1314 2582 in

274 2617 433 2713 speciem
456 2617 664 2692 humanam.
717 2614 913 2704 Nimirum,
942 2615 1195 2713 reciprocante
1211 2641 1316 2694 serra

274 2729 408 2804 amoris
424 2730 469 2804 fit
485 2729 733 2819 fermentatio,
756 2728 902 2803 atinde
926 2751 1098 2804 vasorum
1124 2729 1313 2822 distentio,

273 2855 312 2918 et
327 2843 492 2934 humoris
508 2842 665 2939 prolifioi
682 2842 827 2938 eruptio
846 2855 884 2916 et
900 2841 939 2915 in
957 2842 1077 2916 sulcos
1095 2843 1164 2920 soli
1181 2844 1313 2918 mulie-

273 2957 347 3030 bris
358 2956 525 3045 intrusio,
536 2956 601 3030 ubi
612 2956 828 3052 sanguinem
840 2955 1017 3052 paulatim
1028 2955 1313 3036 descendentem

273 3081 377 3144 motu
394 3093 460 3144 suo
477 3069 647 3166 specifico
664 3069 802 3144 format
818 3067 857 3142 in
873 3067 1068 3145 hominem.

304 3184 470 3257 ,Possem
486 3182 566 3256 hoee
583 3181 758 3259 minutius
775 3181 969 3279 explicare,
986 3181 1058 3260 uisi
1070 3181 1314 3264 instituissem
1428 3229 1429 3264 i

273 3322 348 3376 non
375 3309 452 3372 tam
482 3295 644 3393 corporis
674 3319 784 3393 quam
813 3295 945 3370 animae
971 3295 1166 3371 facultates
1193 3297 1314 3372 inves-

273 3411 402 3508 tigare.
454 3409 585 3506 Itaque
602 3409 650 3483 ad
667 3433 794 3484 sensus
807 3408 990 3506 procedoz
1017 3409 1105 3484 satis
1123 3409 1263 3484 habens
1281 3413 1313 3486 si

272 3523 482 3622 hujusmodi
498 3547 557 3596 res
574 3523 733 3619 attigero
751 3533 908 3612 tautum,
921 3522 1064 3618 plenius
1077 3533 1202 3596 autem
1215 3534 1313 3598 trac-

273 3637 403 3712 tondes
420 3635 500 3710 aliis
517 3635 700 3734 reliquero
715 3667 725 3721 ς
753 3636 827 3732 qui,
846 3635 877 3710 si
890 3636 1077 3712 machinas
1089 3658 1217 3708 omnes
1229 3645 1312 3710 tum

271 3748 517 3848 generationis
533 3759 614 3824 tum
630 3749 842 3824 nutritionis
860 3749 949 3824 satis
961 3748 1228 3845 perspexerint,
1241 3773 1312 3824 nec

271 3879 394 3942 tamen
411 3883 472 3938 eas
490 3889 513 3938 a
528 3875 651 3938 mente
668 3863 791 3960 aliqua
804 3861 972 3936 conditas
986 3861 1249 3956 ordinatasque
1263 3861 1311 3936 ad

271 4003 337 4055 sua
349 4002 509 4076 quasque
523 3976 641 4052 officia
652 3977 822 4066 viderint,
836 3975 905 4071 ipsi
918 3974 1083 4070 profecto
1097 3973 1176 4048 sine
1186 3989 1312 4048 mente

273 4117 350 4168 esse
368 4091 539 4168 censendi
557 4102 652 4165 sunt.
