2864 4924
665 329 719 384 ml
739 329 920 384 HOMINE-

662 806 822 886 CAPUT
847 809 890 882 V.

329 980 382 1034 DE
403 980 504 1035 LOCO
524 981 695 1036 onsnc'rl
714 981 960 1036 APPARENTE
986 983 1031 1037 IN
1057 983 1253 1038 sanctinis

376 1093 524 1149 PLANIS
555 1096 606 1150 ET
627 1095 839 1150 SPHAERICE
870 1097 1081 1150 CONVEXIS
1110 1097 1190 1151 PER

605 1209 923 1263 Rornanorum.

267 1325 292 1384 l.
313 1323 409 1385 Locus
423 1323 530 1404 objecti
544 1343 691 1404 apparens,
705 1325 764 1384 sive
778 1323 859 1385 locus
869 1325 1011 1403 imaginis,
1025 1343 1077 1403 per
1090 1325 1273 1388 reflexionem
1288 1347 1306 1388 a

301 1417 424 1496 speculis
437 1417 529 1496 planis
543 1437 599 1478 non
613 1417 770 1496 diaphonia
810 1421 838 1478 2.
860 1417 947 1484 Quod
958 1419 986 1478 in
1000 1418 1123 1496 speculis
1137 1419 1231 1497 planis
1244 1421 1307 1480 dia·

302 1511 403 1590 phanis
416 1511 511 1589 plures
525 1511 599 1572 flunt
612 1511 750 1590 imagines
771 1509 897 1590 ejusdem
912 1509 1025 1590 objecti.
1066 1515 1094 1572 3.
1112 1510 1305 1572 Definitiones

301 1603 438 1682 quinque.
479 1605 507 1661 4.
529 1602 672 1664 Punctum
693 1602 859 1680 principale,
880 1603 939 1663 sive
964 1603 992 1662 in
1013 1622 1072 1682 quo
1090 1605 1236 1664 evanescit
1254 1623 1305 1664 on·

300 1695 384 1772 gulos
398 1694 526 1766 visorius,
545 1695 574 1753 in
588 1694 711 1773 speculis
721 1695 857 1754 convexis
870 1695 972 1755 dividit
985 1697 1228 1756 semidiametrum
1243 1717 1305 1776 spe·

300 1786 357 1846 culi
371 1803 433 1846 earn
448 1803 513 1865 quae
523 1794 566 1846 est
578 1787 607 1845 in
616 1785 821 1865 perpendiculo
831 1785 906 1846 oculi
920 1785 1060 1848 bilariam.
1100 1792 1128 1851 5.
1149 1787 1304 1855 Quomodo

299 1877 379 1938 locus
392 1877 498 1958 objecti
510 1897 650 1958 apparens
659 1897 712 1956 per
721 1879 904 1939 reflexionem
914 1880 943 1938 in
957 1880 1073 1958 speculo
1082 1881 1223 1958 sphaerica
1236 1901 1304 1943 oon·

299 1989 372 2030 vexo
385 1971 571 2030 inveniendus
583 1971 629 2030 sit.

76 2119 171 2173 sacr.
188 2121 226 2174 11.
265 2098 296 2164 1.
324 2089 585 2165 Mnorusono
615 2101 653 2164 et
679 2089 853 2165 distentia
869 2091 1008 2187 objecti
1036 2092 1247 2191 apparentis
1263 2093 1302 2169 in
1430 2159 1431 2182 2

77 2199 220 2306 „L
261 2203 416 2301 speculis
443 2203 561 2302 plunis
583 2203 718 2303 politis,
745 2204 911 2278 sednon
942 2203 1145 2302 diaphonis,
1164 2207 1303 2280 eaedem
1428 2245 1431 2316 ἶ

49 2336 210 2399 monol
261 2327 347 2392 sunt
374 2340 455 2417 quse
482 2315 521 2390 in
538 2315 677 2392 visione
695 2317 846 2410 directe,
865 2317 1012 2415 quondo
1030 2317 1154 2394 radius
1182 2319 1221 2394 in
1251 2319 1304 2394 di·
1430 2415 1431 2424 ἵ

50 2404 216 2462 appssans‚slvs
404 2429 443 2446 ··
655 2429 663 2446 ·
1038 2430 1059 2449 η
1108 2431 1116 2448 ·
1189 2433 1229 2451 ..

49 2467 227 2528 mmm,
261 2440 364 2506 recta
378 2453 517 2505 visione
535 2429 683 2528 sequalre
702 2442 757 2507 est
774 2431 951 2506 ambobus
968 2430 1081 2506 radus
1106 2455 1145 2506 rn
1163 2456 1303 2509 vssrone

49 2533 248 2658 mm,
260 2544 407 2637 reflexo,
421 2543 593 2618 nimirum
610 2543 663 2618 illi
677 2544 741 2642 qni
758 2555 813 2620 est
823 2544 869 2619 cb
881 2544 1027 2641 objecto
1039 2544 1088 2620 od
1100 2547 1302 2643 speculum,

49 2663 223 2726 munaum
261 2658 324 2758 qui
359 2658 564 2758 appellatur
590 2657 725 2734 rudius
756 2657 996 2750 incideram
1020 2659 1073 2733 illi
1104 2659 1167 2756 qui
1198 2673 1305 2736 esta

260 2773 407 2870 speculo
434 2771 482 2848 ud
510 2772 668 2864 oculum,
699 2771 763 2870 qui
789 2781 941 2847 vocetur
967 2773 1100 2848 rudius
1123 2775 1303 2871 sellense,

259 2885 367 2962 simul
383 2887 548 2987 sumptis.

311 3001 366 3076 su
393 3001 445 3096 (in
462 3002 524 3099 fig.
542 3001 576 3096 1)
593 3001 777 3099 objectum
794 2999 882 3090 AB,
901 3001 1026 3076 oculus
1048 3000 1086 3076 in
1110 3001 1150 3076 Ο.
1204 3002 1305 3076 Due-

259 3113 307 3189 tis
324 3138 413 3212 ergo
424 3115 631 3206 rectisCA,
650 3115 733 3208 OB,
752 3114 943 3213 apparebit
953 3114 991 3190 in
1003 3115 1146 3192 visione
1161 3115 1306 3192 directo

260 3228 447 3322 objectum
476 3229 572 3304 inter
600 3227 686 3320 CA,
721 3240 760 3304 et
794 3227 824 3302 Ο
838 3227 868 3302 Β
903 3228 1048 3321 alicubi,
1078 3229 1304 3330 propiusque

259 3341 366 3417 oculo
388 3340 470 3440 (per
487 3365 566 3440 ocp.
586 3363 649 3417 111.
661 3354 731 3418 ort.
750 3343 788 3439 3)
806 3365 916 3440 quam
934 3354 990 3417 est
1006 3343 1127 3440 ipsum
1140 3344 1218 3417 AB
1237 3345 1304 3420 ob-

257 3459 411 3556 jectum.
463 3457 649 3554 Appareat
679 3457 803 3555 itnquo
832 3456 871 3530 in
898 3457 988 3530 DE.
1041 3457 1303 3556 interponatur

254 3570 333 3669 jem
360 3569 456 3645 inter
477 3568 624 3644 oculum
641 3579 678 3644 et
705 3570 890 3667 objectum
920 3570 1108 3668 speculum
1137 3571 1301 3669 planum,

260 3683 359 3783 quod
375 3683 423 3758 sit
441 3683 525 3776 FG,
536 3707 662 3760 secans
681 3683 766 3776 CA,
786 3683 857 3758 CB
876 3682 915 3758 in
932 3683 969 3758 H
988 3696 1026 3758 et
1044 3685 1082 3771 1;
1102 3684 1302 3760 ducantur-

260 3822 331 3896 que
347 3796 397 3873 od
413 3797 483 3874 FG
500 3795 820 3896 perpendiculares
832 3795 862 3870 B
873 3797 915 3890 L,
934 3796 1026 3890 ΑΚ,
1038 3797 1219 3896 factisque
1237 3823 1301 3873 an-

258 3912 353 4010 gulis
383 3913 444 3986 LI
459 3912 501 4002 G,
530 3913 562 3985 K
578 3911 614 3985 H
630 3911 661 3985 G
679 3911 879 4008 aequclibus
896 3922 1053 4008 utroque
1070 3911 1218 4011 utrique
1235 3937 1299 3986 on-

258 4027 353 4125 gulis
375 4025 431 4100 Fi
446 4025 489 4116 C,
517 4025 544 4098 F
556 4025 592 4099 H
608 4025 637 4099 O
656 4025 731 4100 sive
748 4025 910 4122 ipsorum
934 4025 1169 4101 vertinolibus
1183 4027 1215 4102 G
1227 4027 1243 4100 1
1255 4025 1296 4115 B,

260 4139 340 4217 GH
352 4139 398 4231 A,
410 4151 518 4216 erunt
531 4153 642 4216 rectae
656 4139 740 4230 GL,
759 4139 817 4214 IL
834 4139 992 4238 aequales
1010 4139 1119 4215 rectis
1136 4139 1223 4228 GB,
1237 4137 1294 4214 IB

259 4265 413 4352 uterque
437 4253 608 4353 utrique;
636 4253 725 4329 item
755 4263 865 4330 rectos
901 4253 998 4346 KH,
1027 4253 1112 4330 HA
1140 4253 1293 4354 oequales
