2904 4912
246 308 300 361 nn
321 306 462 360 nnouo
483 307 555 359 nur
576 307 655 360 Pus
675 307 843 359 enorum
864 306 1030 359 uovuu.
1088 289 1160 355 405

115 471 182 546 sed
195 473 247 546 sit
260 474 339 565 tibi,
354 474 593 571 inquitatur
609 473 776 548 ethnicus
794 483 832 547 et
840 471 1078 571 publicanus,
1091 471 1162 545 hoc
1193 502 1290 552 secr.
1305 501 1357 551 111.

114 596 183 677 cst,
201 596 378 683 tanquam
404 597 508 660 extra
530 585 736 676 ecclesiam,
754 596 931 682 tanquam
948 609 1024 658 non
1041 585 1161 680 bapti·
1203 579 1346 681 L

114 711 234 787 zatus,
251 700 290 774 id
308 713 376 790 est,
395 713 571 798 tanquam
588 701 619 773 is
638 702 742 796 cujus
760 709 924 797 peccata
942 698 1160 770 retinentur.
1175 709 1365 786 Poenaeque

116 811 407 909 Baptizabantur
441 813 539 887 enim
573 837 700 886 omnes
732 812 931 887 Christiani
965 811 1004 884 in
1038 781 1360 916 remis-iddffidddd]

116 927 257 1000 sionem
282 939 530 1023 peccatorum.
584 927 769 1001 Quoniam
787 935 911 999 autem
927 924 1041 1020 quaeri
1057 934 1162 1020 pote·
1175 919 1220 1012 {12¹
1235 909 1362 1021 ffiffl

115 1049 186 1124 rat,
218 1041 299 1136 quis
326 1041 480 1114 haberet
510 1051 653 1114 tantam
679 1050 913 1136 potestatem,
942 1048 1081 1134 quanta
1106 1048 1162 1111 est
1174 1033 1361 1142 33³3&ss

113 1153 289 1249 baptismi
329 1153 550 1226 heneficium
597 1152 912 1249 impoenitentibus
960 1149 1304 1240 sustendandos·
1319 1161 1355 1220 tu-

116 1267 279 1341 ostendit
308 1267 476 1340 Christus
514 1291 576 1340 eos
604 1267 714 1362 ipsoS,
743 1266 875 1362 quibus
906 1263 1163 1338 auctoritatem
1175 1228 1309 1338 iffi&
1325 1241 1359 1272 ω

116 1379 271 1453 dederat
287 1379 507 1475 prenitentes
523 1379 736 1476 baptizandi
754 1380 793 1451 in
810 1378 1063 1452 remissionem
1079 1399 1165 1473 pec·

116 1503 284 1566 catorum
300 1503 338 1565 et
361 1492 521 1566 faciendi
539 1517 583 1566 ex
601 1492 757 1565 ethnicis
776 1491 1019 1581 Christianos,
1038 1500 1165 1564 aucto-

115 1610 265 1681 ritatem
300 1630 446 1702 quoque
485 1607 621 1680 habere
653 1619 808 1702 peccata
841 1629 981 1694 eorum,
1018 1604 1082 1701 qui
1116 1603 1164 1674 ab

114 1719 276 1792 ecclesia
291 1717 548 1813 judicarentur
564 1719 849 1814 impoenitentes,
867 1717 1064 1806 retinendi,
1085 1738 1163 1788 eos-

115 1856 190 1926 que
205 1856 250 1904 ex
264 1831 481 1905 Christianis
492 1830 671 1904 reddendi
694 1831 858 1904 ethnicos
874 1862 883 1915 ;
914 1830 1071 1927 ideoque
1090 1840 1165 1902 sta-

114 1944 185 2016 tim
204 1943 413 2039 subjungit:
458 1943 574 2016 Amen
594 1943 679 2016 dico
696 1943 809 2031 cobis,
828 1967 1060 2040 quacumque
1076 1940 1166 2014 aiii·

111 2055 303 2156 gaoeritis
316 2079 430 2153 super
444 2065 595 2146 terram,
607 2065 716 2130 erunt
730 2055 855 2155 ligata
873 2065 910 2128 et
928 2055 966 2129 ia
983 2054 1076 2128 coelo
1088 2082 1101 2127 .·
1129 2062 1167 2126 et

115 2193 342 2268 quaecunque
358 2167 548 2241 solveritis
565 2192 679 2266 super
697 2177 849 2258 terram,
868 2179 976 2242 erunt
991 2168 1115 2242 solata
1129 2176 1166 2240 et

115 2282 156 2356 ira
183 2281 286 2354 eoeio.
339 2282 395 2354 Ex
422 2306 494 2378 quo
519 2282 676 2378 intelligi
701 2291 824 2378 potest
842 2293 1068 2380 potestatem
1090 2282 1166 2356 eoi-

114 2395 228 2469 nendi
245 2404 282 2466 et
299 2394 461 2493 ligandi,
481 2395 557 2468 sive
577 2395 790 2469 remittendi
817 2406 854 2469 et
879 2396 1065 2470 reticendi
1074 2420 1166 2493 pcc-

116 2518 220 2596 cata,
240 2531 321 2604 quae
348 2517 386 2580 et
404 2518 579 2604 potestas
605 2508 763 2582 ciaoium
789 2508 936 2600 dicitur,
955 2510 1065 2583 aliam
1089 2533 1167 2582 non

117 2645 198 2695 esse
216 2645 239 2694 a
259 2633 444 2717 potestate
473 2621 561 2695 data
585 2621 657 2694 alio
681 2622 764 2695 loco
786 2621 938 2714 (Matth.
957 2621 1080 2695 xxviii.
1105 2621 1164 2715 19)

113 2735 177 2838 ¹his
208 2734 351 2806 verbis:
387 2733 532 2807 Erotes
561 2733 689 2808 docete
718 2758 840 2807 omncs
865 2745 1011 2833 gentes,
1043 2733 1168 2831 bapti-

116 2855 249 2920 zantes
274 2870 337 2919 eor
363 2847 401 2921 io
428 2847 569 2920 nominc
595 2846 741 2936 Patria,
761 2859 798 2922 et
823 2847 926 2938 Filii,
946 2857 983 2920 ct
1000 2847 1169 2946 Spiritus

117 2960 264 3034 Sancti.
328 2962 376 3034 Et
405 2960 713 3056 quemadmodum
748 2972 913 3058 pastores
943 2960 1169 3057 baptismum

117 3097 257 3171 negare
274 3098 350 3148 non
366 3085 522 3172 possunt
539 3075 585 3165 ei,
604 3098 715 3170 quem
733 3075 893 3148 ecclesio
912 3074 1064 3172 dignum
1082 3098 1168 3148 oen-

118 3199 189 3278 set,
209 3188 261 3260 ita
277 3211 397 3283 neque
414 3188 575 3260 retinere
600 3199 754 3285 peecata
771 3188 861 3284 ejus,
879 3210 991 3284 quem
1006 3187 1169 3262 ecclesia

118 3299 387 3375 absolvendum
400 3300 567 3396 judicat3
593 3325 713 3398 neque
738 3301 850 3374 etiam
875 3302 1064 3375 remittere
1080 3326 1169 3398 peo-

119 3424 206 3488 cata
233 3415 322 3510 ejus,
355 3438 464 3510 quem
490 3413 652 3489 ecclesia
677 3415 899 3511 pronunciat
929 3439 1008 3490 esse
1036 3427 1167 3489 contn-

118 3550 275 3605 macem.
327 3527 376 3600 Et
394 3527 440 3600 de
461 3540 615 3624 peceato
642 3528 790 3625 quidem
803 3528 981 3624 judicare,
1000 3529 1170 3603 ecclesiia

119 3650 179 3714 eat
189 3667 204 3724 ;
224 3649 424 3737 postorum
448 3663 535 3714 vero
552 3641 750 3736 judicatos
775 3642 823 3714 ab
849 3642 1004 3716 ecclesia
1020 3642 1168 3737 ejicere,

120 3752 180 3826 vel
194 3752 294 3825 intra
308 3775 389 3824 eam
399 3751 576 3848 recipere.
612 3754 671 3826 lta
681 3763 829 3826 sanctus
845 3753 978 3826 Paulus
991 3753 1040 3827 ad
1053 3753 1169 3826 eccie-

120 3865 219 3939 riam
247 3864 543 3939 Corinthiacam:
583 3889 700 3939 nonne
717 3866 765 3938 de
789 3866 850 3955 iis,
877 3866 998 3961 inquit
1024 3865 1058 3961 (1
1084 3865 1168 3940 Cor.

121 4004 156 4054 v.
181 3980 257 4074 12),
282 3978 346 4075 qui
364 3978 464 4052 intus
481 3989 580 4068 cunt,
592 4003 656 4052 vos
665 3979 888 4074 judicatis?
942 3979 1026 4074 Ipse
1044 3990 1170 4053 tamen

122 4091 363 4188 fonticarium
383 4092 429 4164 ab
447 4091 608 4164 ecclesio
626 4093 870 4189 separandum
893 4093 1168 4189 pronunciavit:

123 4203 215 4302 Ego
236 4203 397 4300 quidem,
415 4203 535 4299 inquit
568 4204 602 4300 (1
628 4204 715 4280 Cor.
734 4231 769 4279 v.
786 4205 839 4300 3),
859 4205 992 4280 absens
1010 4231 1171 4304 corporo

116 4341 292 4414 pricaeus
311 4328 431 4391 autem
448 4319 600 4416 spiritu,
620 4331 689 4393 etc.
