2848 4908
305 293 379 362 268
719 307 949 361 mnemon.

108 510 206 562 ποτ,
221 510 273 562 111,
303 497 371 570 pro
388 471 583 569 remique,
601 469 666 546 ubi
687 472 771 568 plus
789 472 904 546 hebet
930 471 973 561 is,
1002 471 1063 545 oui
1091 472 1175 569 plus
1190 472 1352 546 volentes

119 589 264 694 L
305 585 484 660 dedimus.
537 585 776 660 Incommode
792 585 906 682 igitur
924 609 1006 682 quae
1024 597 1231 682 sequuntur
1249 587 1352 658 nnius

305 699 462 774 hominis
479 698 684 796 imperium,
702 711 909 796 sequuntur
926 699 1115 789 hominem,
1140 723 1216 773 non
1233 700 1353 798 unita-

306 821 391 886 tem.
416 811 624 887 Videndum
636 811 750 908 igitur
760 823 829 902 est
839 823 966 885 utrum
979 811 1175 910 imperium
1187 812 1351 902 hominis

306 949 354 998 an
372 925 565 1014 hominnm,
590 924 696 1021 plura
713 925 854 999 civibus
872 923 1016 998 adserat
1032 925 1282 998 incommoda.

60 1043 68 1058 “
107 1051 180 1160 Rom
162 1051 265 1162 ,ξιξ
358 1047 393 1112 5.
421 1036 495 1111 Sed
511 1037 670 1135 primum
688 1037 897 1111 amolienda
922 1048 977 1111 est
1004 1038 1190 1112 sententio
1217 1061 1350 1126 eorum,
1407 1003 1408 1008 ἵ

107 1130 192 1240 iiim
189 1131 280 1226 inme
259 1151 371 1249 qui
388 1163 526 1247 negent
543 1151 691 1224 omnino
709 1150 897 1224 civitatem
914 1173 1003 1240 esse,
1019 1174 1101 1247 quae
1116 1152 1300 1224 conflatur
1312 1175 1351 1224 ex

107 1246 263 1356 ἮἭ
196 1325 295 1369 ,ψῃ
308 1263 503 1360 quantovis
519 1288 672 1338 numero
691 1287 879 1339 servorum
897 1265 963 1338 sub
991 1289 1179 1339 commum
1167 1265 1349 1339 domino.

107 1388 154 1420 ⁰⁸⁸⁰
177 1375 294 1421 “mm
309 1377 438 1474 Capite
464 1377 606 1475 quinto,
624 1377 780 1452 articulo
798 1401 909 1467 nono,
928 1377 1103 1452 definitur
1120 1377 1260 1451 civitas
1277 1401 1349 1452 esse

300 1515 470 1591 persona
499 1515 574 1565 une
602 1491 703 1565 facta
731 1515 777 1565 ex
803 1490 969 1588 pluribus
996 1491 1221 1581 hominibus
1252 1493 1349 1587 cujus
1408 1591 1409 1598 ἵ

305 1606 486 1696 voluntas,
505 1629 551 1678 ex
577 1604 742 1702 ipsorum
767 1603 897 1702 poetis,
914 1628 984 1702 pro
1010 1605 1175 1702 ipsorum
1193 1605 1348 1678 omnium

305 1719 555 1792 voluntatibus
571 1717 743 1791 habende
760 1728 827 1807 est,
845 1729 889 1791 ut
916 1717 1146 1815 singulorum
1163 1717 1302 1792 viribus
1317 1731 1349 1792 et

304 1833 543 1908 facultatibus
571 1831 628 1905 uti
656 1831 775 1928 possit
805 1830 853 1905 od
882 1855 1011 1930 paoem
1039 1841 1076 1906 et
1107 1830 1348 1906 defensionem

305 1969 550 2020 communem.
601 1944 774 2019 Persona
791 1957 916 2019 antem
932 1971 1008 2019 nna
1025 1957 1093 2036 est,
1106 1969 1175 2043 per
1193 1945 1346 2043 ejusdem

306 2060 437 2157 eapitis
462 2059 658 2135 articulum
685 2058 855 2146 eundem,
874 2059 1022 2157 quondo
1048 2059 1211 2157 plurium
1227 2061 1346 2134 volun·
1409 2133 1410 2172 ,

305 2183 401 2246 tates
428 2173 538 2246 unius
565 2172 755 2246 voluntate
783 2172 1032 2246 eontinentur.
1086 2172 1160 2247 Sed
1186 2173 1346 2248 voluntas
1409 2181 1410 2232 ἓ

305 2284 594 2383 uniuscujusque
605 2285 700 2358 servi
717 2285 929 2360 continetur
948 2285 989 2358 in
999 2286 1192 2361 voluntate
1206 2286 1345 2376 domini,

305 2409 350 2472 ut
367 2411 555 2473 ostensum
573 2411 629 2474 est
657 2399 788 2497 cepitis
805 2398 928 2474 octavi
956 2399 1112 2475 articulo
1136 2400 1279 2496 quinto,
1301 2401 1346 2474 ito

305 2521 349 2586 ut
374 2511 492 2608 possit
518 2535 647 2587 eorum
662 2512 801 2586 viribus
819 2523 857 2586 et
884 2511 1125 2586 facultatibus
1158 2513 1229 2604 uti,
1246 2523 1345 2610 prout

305 2625 474 2701 voluerit.
527 2625 703 2724 Sequitur
730 2649 818 2723 ergo
845 2623 1031 2698 civitatem
1052 2648 1131 2698 esse
1160 2649 1243 2722 quae
1269 2649 1345 2698 oon·

306 2739 473 2814 stituitur
487 2763 532 2814 ex
549 2739 696 2814 domino
714 2749 752 2814 et
780 2738 946 2837 pluribus
960 2738 1092 2812 seroie.
1145 2738 1277 2836 Neque
1291 2763 1345 2836 po
1410 2833 1411 2838 Ἰ

305 2862 380 2928 test
395 2854 471 2928 ullo
487 2853 582 2928 ratio
599 2853 638 2926 in
656 2851 882 2926 contrarium
899 2850 1045 2942 adduci,
1060 2876 1142 2949 quae
1159 2877 1236 2927 non
1252 2873 1344 2947 aeqne

305 2967 440 3041 militet
464 2977 594 3042 eontra
629 2965 816 3040 civitatem
846 2965 1087 3040 constitutam
1116 2991 1140 3040 a
1166 2975 1286 3066 patre
1312 2973 1343 3037 et

308 3078 453 3154 liberis.
504 3080 604 3154 Nom
620 3079 719 3177 opud
736 3078 930 3168 dominum,
949 3079 1009 3153 eui
1032 3079 1146 3153 liberi
1163 3104 1239 3154 non
1257 3086 1341 3162 sont,

307 3191 409 3264 serni
436 3191 638 3266 liberorum
654 3192 836 3267 rationem
859 3192 1030 3266 subeunt.
1083 3193 1180 3266 Sunt
1204 3193 1343 3268 enimet

307 3303 427 3378 honor
440 3315 478 3378 et
492 3305 706 3402 praesidium
720 3305 820 3401 ejus:
848 3328 968 3402 neque
981 3305 1099 3403 magis
1113 3307 1343 3403 subjiciuntur

307 3417 409 3492 servi
439 3417 609 3508 dominis,
641 3442 751 3516 quam
792 3417 906 3492 liberi
928 3419 1127 3518 patribus,
1169 3431 1214 3492 ut
1248 3441 1344 3516 supro

308 3541 496 3608 ostensum
514 3543 569 3607 est
583 3531 712 3629 ospitis
726 3531 847 3607 octavi
864 3531 1020 3607 articulo
1039 3533 1180 3662 quinto.

151 3691 243 3790 mone·
358 3655 393 3720 6.
421 3647 523 3721 Inter
550 3645 819 3720 incommoda
810 3645 953 3777 lmperii
982 3646 1116 3720 summi
1142 3671 1258 3720 unum
1287 3657 1345 3730 est,

230 3759 435 3858 m'quod
425 3783 609 3858 1mperans
626 3771 720 3856 praet
722 3784 762 3834 er
776 3760 949 3858 pecunias
961 3759 1009 3833 ad
1019 3771 1163 3834 sumtus
1176 3761 1345 3859 publicos

109 3879 258 3986 ffl‘nffi
256 3823 294 3984 iffi
308 3874 380 3948 hoe
408 3885 474 3964 est,
503 3873 551 3948 ad
578 3873 765 3947 ministros
792 3873 958 3971 publicos
993 3874 1157 3963 alendos,
1186 3871 1347 3972 praesidia

308 3987 526 4063 aedificanda
542 3998 579 4063 et
601 3986 750 4078 tuendo,
768 3987 864 4062 bella
880 3987 1055 4084 gerenda,
1086 4011 1165 4060 rem
1184 3983 1347 4061 domesti-

309 4125 389 4176 oom
421 4101 623 4177 honorifice
658 4099 937 4176 sustentandam
972 4099 1209 4190 necessarias,
1240 4097 1346 4198 possit

310 4215 431 4307 etism,
449 4239 479 4290 ει
468 4214 606 4320 [velit
624 4214 713 4290 olias
735 4215 881 4312 exigere
904 4237 971 4310 per
993 4214 1197 4304 libidinem,
1223 4213 1346 4312 quibus
