2828 4912
287 289 353 354 114
683 303 736 353 nu
756 303 939 354 nonrnu.

92 505 189 556 sacr.
206 505 244 554 11.
281 470 385 544 nium
402 469 493 543 facit
506 493 622 562 come,
639 480 840 567 propterea
858 469 958 566 quod
974 469 1014 542 in
1032 467 1232 542 tribuendo
1250 467 1318 541 cui-

97 581 239 688 ss
283 607 353 681 que
379 583 568 674 honorem,
591 594 673 657 tuto
690 583 784 681 largi
810 595 847 656 et
873 582 1023 680 benigni
1051 605 1131 655 esse
1156 593 1318 680 possunt,

282 722 365 771 cum
384 697 498 770 debiti
529 697 676 770 sibimet
700 697 789 793 ipsis
815 696 965 770 honoris
992 696 1082 769 satis
1099 695 1173 769 siut
1192 695 1318 768 securi.
1409 745 1410 760 .

281 809 495 885 Nobilitatis
519 833 626 882 novae
655 809 845 906 ingenium
872 808 990 905 magis
1009 821 1066 882 est
1083 807 1266 904 suspicax,
1283 819 1321 880 ut

281 922 356 1019 qui,
382 921 546 995 nondum
574 922 664 996 satis
691 922 784 994 certi
802 931 961 1016 quantus
979 921 1098 995 honor
1116 921 1187 996 sibi
1214 921 1322 995 tribui

281 1036 404 1126 debet,
434 1036 530 1108 fiunt
559 1057 686 1108 versus
714 1034 904 1108 inferiores
928 1057 1025 1131 saepe
1052 1034 1161 1108 nimis
1194 1035 1322 1131 asperi,

281 1171 408 1222 versus
426 1147 584 1244 aequales
600 1147 709 1221 nimis
723 1147 932 1221 verecundi.
1410 1233 1411 1254 Χ

69 1277 216 1356 thuiniqne
333 1271 368 1336 6.
397 1263 455 1336 Ab
480 1262 652 1358 opinione
683 1284 793 1356 quam
810 1260 923 1334 habet
951 1260 1105 1358 quisque
1127 1260 1173 1334 de
1193 1260 1322 1356 seipso.
1410 1267 1411 1272 ’

68 1355 269 1465 iiimnbibm:
283 1376 374 1449 Inde
402 1375 500 1450 enim
527 1375 570 1448 fit
596 1385 639 1447 ut
666 1374 729 1471 qui
760 1373 830 1447 sibi
847 1373 1019 1448 videntur
1044 1374 1241 1471 sapientes,
1259 1397 1325 1446 nec

284 1500 382 1580 sunt,
408 1487 600 1584 ingenium
627 1486 675 1559 ad
707 1509 773 1560 sua
799 1487 967 1584 'ipsorum
990 1487 1081 1560 vitia
1107 1487 1326 1583 corrigenda

282 1603 446 1700 ineptum
460 1601 632 1674 habeant.
685 1600 773 1674 Non
790 1600 937 1674 enimin
955 1600 1082 1697 seipsis
1097 1623 1176 1674 csse
1194 1611 1325 1697 putant

282 1715 382 1812 quod
409 1714 545 1811 corrigi
562 1714 682 1788 debet.
726 1713 876 1804 Contra,
907 1713 1127 1788 eduliorum
1151 1713 1326 1791 factavel
1411 1747 1412 1766 2

282 1827 510 1926 corrigenda,
522 1827 581 1901 vel
598 1827 852 1923 vituperanda,
863 1827 921 1901 vel
936 1827 1136 1902 deridenda
1145 1828 1326 1924 proclives

282 1951 379 2031 sunt,
394 1951 436 2014 ut
454 1940 528 2036 qui,
544 1940 721 2037 quicquid
737 1940 876 2014 factum
888 1941 1015 2015 vident
1031 1952 1166 2038 praeter
1181 1953 1327 2015 senten-

280 2053 371 2127 tiam
388 2078 503 2144 suam,
521 2077 598 2127 nou
616 2064 716 2127 recte
733 2054 873 2128 factum
889 2066 1034 2152 putant.
1087 2056 1221 2152 Itaque
1240 2057 1328 2132 civi-

280 2179 396 2242 tatem
409 2167 521 2240 etiam
538 2167 632 2241 made
644 2168 842 2264 gubernari
856 2168 1078 2259 existimant,
1097 2193 1180 2264 quae
1197 2193 1275 2243 non
1288 2183 1329 2244 ut
1412 2201 1413 2236 ff

281 2280 352 2378 ipsi
378 2280 507 2362 volunt
523 2282 773 2378 gubernatur;
801 2293 838 2355 et
864 2306 932 2378 per
950 2305 1179 2378 consequens
1206 2282 1329 2356 adres

280 2417 394 2468 novas
413 2395 556 2468 caeteris
570 2396 779 2470 hominibus
791 2395 950 2494 aptiores
965 2407 1061 2470 sunt.
1102 2397 1254 2486 Eorum,
1267 2397 1328 2494 qui

281 2509 350 2583 sibi
370 2508 545 2582 videntur
572 2509 684 2601 docti,
702 2510 801 2584 idem
828 2523 884 2584 est
912 2511 1125 2608 ingenium;
1151 2511 1328 2584 videntur

280 2622 378 2696 enim
396 2622 464 2695 sibi
481 2622 686 2719 sepientes;
712 2647 799 2696 nam
817 2623 966 2697 doctum
980 2647 1071 2713 esse,
1085 2623 1158 2698 nisi
1176 2623 1325 2698 doctum

280 2736 329 2810 ad
355 2735 585 2832 sapientiam,
603 2761 712 2811 nemo
739 2748 900 2833 cuperet.
954 2738 1053 2811 Hinc
1070 2738 1113 2810 fit
1132 2748 1175 2812 ut
1202 2738 1325 2835 paeda-

280 2849 369 2946 gogi
393 2848 591 2945 saepissime
614 2849 763 2946 iugenio
785 2850 859 2923 sint
875 2850 1040 2924 censorio
1058 2862 1097 2923 et
1114 2851 1161 2923 ad
1180 2851 1326 2924 convic-

279 2975 361 3036 tum
378 2961 516 3050 odioso,
535 2973 578 3035 ut
603 2962 678 3058 qui,
698 2986 781 3036 cum
800 2962 935 3037 electos
962 2987 1000 3036 sc
1018 2962 1169 3036 videant
1186 2964 1236 3037 ad
1253 2964 1327 3038 for-

281 3075 434 3149 mandos
451 3098 571 3148 mores
588 3098 797 3171 puerorum,
814 3076 876 3150 vix
889 3077 1076 3150 abstineut
1094 3101 1117 3149 a
1134 3077 1326 3151 censendis

280 3187 444 3262 moribus
473 3188 637 3284 ipsorum
676 3201 837 3285 patrum,
868 3189 1004 3265 nedum
1039 3191 1324 3265 conviventium.

280 3300 402 3374 Etiam
436 3302 499 3396 qui
530 3301 750 3375 adhibentur
780 3304 829 3376 ad
858 3304 1038 3400 regendos
1063 3304 1235 3379 doctrino
1261 3329 1326 3378 sua

280 3437 402 3487 mores
428 3413 605 3511 publicos,
624 3415 797 3488 nimirum
816 3415 986 3490 doctores
1013 3416 1191 3508 ecclesiae,
1209 3419 1323 3492 uesci-

280 3537 455 3623 entesque
473 3551 496 3600 a
523 3551 595 3624 quo
623 3527 672 3600 ad
688 3528 932 3601 ministerium
949 3540 1095 3602 tantum
1112 3543 1321 3618 evocantur,

280 3640 379 3736 ipsos
397 3663 503 3735 reges
517 3651 555 3714 et
569 3641 734 3714 ecclesiae
751 3655 912 3714 rectores
931 3666 1092 3717 summos
1106 3667 1129 3717 a
1143 3667 1182 3716 se
1196 3667 1321 3741 regen·

281 3753 348 3827 dos
361 3777 441 3835 esse
453 3754 663 3849 postulunt;
689 3755 763 3829 imo
782 3777 858 3829 nou
875 3755 1024 3852 regibus
1042 3767 1080 3830 et
1097 3758 1155 3847 iis,
1171 3781 1320 3855 quorum

280 3889 379 3940 curae
396 3865 493 3940 salus
509 3866 635 3963 populi
652 3891 675 3940 a
693 3867 772 3942 Deo
791 3868 985 3944 commissa
1002 3881 1069 3960 est,
1089 3871 1155 3944 sed
1171 3871 1240 3946 sibi
1256 3871 1320 3944 im-

280 3979 440 4054 mediate
457 4003 480 4052 a
497 3979 576 4053 Deo
603 4004 736 4054 munus
761 3981 852 4055 illud
878 4006 1091 4057 concessum
1115 4007 1194 4057 esse
1212 3981 1320 4058 videri

280 4091 421 4180 volunt,
441 4115 583 4166 summo
612 4116 696 4166 cum
723 4094 887 4190 periculo
915 4095 1085 4171 civitatis.
1139 4097 1319 4180 Similiter,

282 4205 319 4293 ii,
337 4206 400 4300 qui
417 4230 440 4279 a
458 4206 607 4280 civitate
634 4207 820 4303 eliguntur
838 4208 884 4283 od
914 4211 1253 4306 interpretationem
1268 4209 1319 4283 le-
