2918 4912
184 290 239 344 nu
259 291 367 346 sunu
386 291 501 361 urus,
521 291 592 346 our
613 291 800 347 suuauu
820 291 1049 347 munerun.
1085 278 1155 347 221

122 455 212 531 beili
238 470 278 534 et
301 459 419 558 pacis
435 459 675 534 transtulisse.
728 459 850 557 Atque
874 463 936 557 jus
953 461 1036 550 hoe,
1060 460 1161 558 quod
1189 493 1284 544 snor.
1301 495 1353 546 111.

117 570 294 668 gladium
322 571 412 646 belii
442 574 625 672 appellere
655 597 859 671 possumus,
890 597 969 648 esse
996 573 1160 672 ejusdem
1200 571 1342 676 ss

120 684 280 758 hortinis
308 686 367 759 vel
397 686 561 776 aoncilii,
586 689 689 784 cujus
719 698 775 760 est
801 687 961 785 gladius
983 686 1159 782 justitia.

120 797 242 872 Nemo
255 800 354 872 enim
370 799 419 872 ad
434 823 537 874 arma
553 800 651 874 etad
668 799 754 874 belli
767 814 908 874 sumtus
927 800 1023 874 cives
1039 813 1162 896 potest

116 913 201 1008 jure
215 936 360 1010 cogere,
372 913 442 987 nisi
457 914 519 1011 qui
530 915 612 1009 jure
625 914 755 1010 punire
773 937 857 987 eum
867 925 990 1012 potest
1006 914 1069 1011 qui
1086 937 1161 988 non

119 1025 313 1099 obedierit.
354 1025 498 1100 Sammo
515 1027 641 1123 itaque
659 1026 816 1124 imperio
833 1036 987 1123 uterque
1001 1025 1161 1124 gladius

118 1150 197 1211 tom
215 1137 308 1210 belli
334 1161 445 1234 quam
461 1139 625 1234 justitia
646 1161 693 1212 ex
713 1138 792 1235 ipso
809 1138 966 1212 civitatis
983 1140 1162 1214 eonstitu-

119 1253 223 1328 tionc
239 1265 279 1325 et
297 1252 539 1328 essentialiter
555 1251 729 1327 adhaeret.

183 1374 218 1439 8.
250 1366 435 1441 Quoniam
463 1376 587 1440 autem
604 1367 673 1460 jaa
698 1363 828 1462 gladi
849 1364 942 1438 nihil
963 1365 1063 1439 eliud
1093 1377 1159 1454 est,
1172 1385 1337 1444 iudiearem

120 1503 232 1576 quam
242 1481 327 1575 jure
343 1503 462 1577 posse,
481 1504 548 1554 suo
572 1479 736 1567 arbitrio,
753 1477 876 1576 gladio
893 1478 972 1562 uti;
998 1479 1163 1576 sequitur
1173 1451 1329 1496 ‘mmm'

121 1593 327 1666 arbitrium
344 1593 420 1666 sive
428 1592 615 1690 judiciam
639 1590 685 1665 de
702 1608 804 1665 recto
823 1592 901 1687 ejus
918 1615 988 1666 usu
1004 1592 1053 1666 ad
1073 1617 1162 1666 eun-

122 1705 206 1780 dem
223 1706 422 1800 pertinere.
475 1705 515 1779 Si
532 1705 630 1778 enim
643 1714 819 1802 potestas
828 1705 1033 1798 judicandi
1050 1729 1161 1802 penes

120 1843 237 1892 unum
261 1828 369 1908 esset,
393 1829 430 1893 et
446 1829 609 1915 potestas
626 1818 848 1914 exsequendi
864 1841 976 1914 penes
993 1818 1162 1908 alterum,

120 1932 214 2005 nihil
232 1931 459 2005 efficeretur:
485 1933 622 2006 fmstre
643 1932 741 2006 enim
762 1931 957 2028 judicaret,
982 1933 1043 2029 qui
1060 1956 1164 2005 man-

122 2045 211 2118 data
229 2045 380 2140 exsequi
401 2068 474 2118 nou
488 2057 611 2142 posset
627 2075 636 2129 ;
663 2056 728 2118 aut
745 2045 776 2117 si
789 2055 1008 2142 exsequetur
1021 2069 1088 2142 per
1102 2045 1163 2142 jus

122 2159 286 2244 alterius,
300 2183 375 2232 non
387 2158 465 2255 ipse
479 2161 538 2256 jus
551 2157 665 2256 gladii
674 2158 810 2232 hebere
822 2159 967 2252 dicitur,
982 2159 1046 2232 sed
1057 2159 1162 2247 alter,

123 2273 229 2369 cujus
247 2270 309 2344 ille
327 2271 496 2345 minister
512 2282 657 2345 tantum
680 2283 746 2346 est.
799 2271 918 2346 Omne
935 2272 1048 2368 igitur
1055 2270 1163 2368 jadi-

123 2385 219 2457 ciam
232 2383 271 2456 in
284 2383 440 2456 civitate
454 2395 509 2458 est
526 2383 622 2457 illius
636 2385 696 2480 qui
706 2383 864 2482 gladios
875 2387 1000 2476 habet,
1010 2386 1082 2460 hoc
1095 2396 1162 2476 est,

123 2499 203 2594 ejus
217 2497 323 2592 cujus
339 2505 396 2568 est
410 2495 604 2593 irapreriam
621 2521 804 2572 rammam.

173 2619 209 2683 9.
239 2609 366 2698 Porr0,
393 2633 478 2682 cum
495 2633 570 2682 non
587 2609 719 2696 miuus,
736 2609 811 2683 imo
835 2612 952 2686 multo
977 2612 1094 2709 magis
1117 2611 1165 2686 ed
1179 2635 1343 2692 mamam

123 2747 256 2820 pacem
273 2722 468 2813 conducat,
485 2723 688 2820 praevenire
704 2749 751 2798 ue
765 2725 855 2799 rixae
872 2726 1037 2800 oriantur
1055 2744 1164 2824 quem
1177 2701 1347 2811 ww

125 2847 223 2910 ortas
242 2859 497 2931 compescere:
525 2837 782 2910 controversiae
800 2849 924 2912 autem
942 2863 1068 2913 omnes
1082 2862 1165 2913 nes-

126 2961 259 3024 centur
291 2973 336 3022 ex
369 2973 424 3039 eo,
454 2949 553 3046 quod
584 2948 757 3022 differunt
786 2949 882 3024 inter
909 2975 947 3024 se
975 2951 1165 3048 opiniones

125 3063 318 3138 hominum
336 3061 477 3134 demea
499 3071 536 3134 ei
554 3071 628 3151 rao,
645 3063 754 3159 jacio
781 3073 819 3136 et
844 3063 994 3160 injusto,
1013 3065 1099 3138 atili
1129 3074 1166 3138 et

127 3175 266 3264 inutili,
280 3172 371 3247 boae
385 3183 422 3246 ei
436 3173 546 3266 malo,
560 3175 713 3248 honesto
724 3185 761 3248 ei
776 3176 977 3269 ialamesto,
992 3190 1030 3254 et
1043 3179 1168 3253 simili-

126 3289 206 3378 buS,
238 3310 321 3383 quae
350 3286 502 3382 quisque
527 3287 676 3385 proprio
702 3289 861 3364 aestimot
884 3291 1044 3386 judicio;
1072 3295 1166 3389 ejus-

128 3403 212 3476 dem
241 3401 373 3474 summi
398 3399 542 3500 imperii
559 3412 626 3491 est,
644 3425 855 3478 communes
872 3406 1040 3480 omnibus
1065 3407 1168 3479 exhi-

127 3517 214 3590 bere
229 3513 375 3612 regulas
386 3513 461 3588 sive
472 3537 673 3605 mensures,
688 3528 726 3589 et
735 3517 880 3613 publice
897 3543 958 3592 eos
969 3520 1167 3610 declarare,

129 3629 262 3726 quibus
273 3625 525 3724 unusquisque
543 3627 635 3701 sciat
652 3629 740 3725 quid
758 3653 871 3721 suam,
889 3633 980 3728 quid
996 3632 1167 3719 alienam,

130 3741 218 3839 quid
238 3742 394 3838 justam,
421 3739 510 3836 quid
536 3741 721 3836 injustam,
749 3743 836 3838 quid
861 3745 1060 3837 honestam,
1079 3745 1168 3842 quid

130 3855 370 3941 inhonestam,
385 3851 474 3950 quid
493 3851 631 3944 bonnas,
654 3853 743 3950 quid
760 3855 893 3929 malam
910 3859 1168 3955 appellandum

131 3967 273 4056 sithoc
284 3977 341 4038 est
358 3965 577 4055 summatim,
593 3966 682 4062 quid
700 3970 885 4067 agendam
903 3983 940 4044 et
959 3971 1168 4072 quidfagi-

130 4079 262 4153 cadara
287 4077 335 4152 sit
362 4079 400 4152 in
429 4077 505 4151 vita
525 4080 722 4154 communi.
777 4081 927 4180 Regulae
945 4095 1068 4159 autem
1093 4089 1168 4160 sive

131 4215 311 4266 mensurae
341 4191 413 4266 illae
436 4191 560 4265 vocari
576 4192 695 4267 solent
711 4192 817 4294 leges
835 4196 964 4272 civiles
982 4198 1058 4275 sive
1070 4199 1169 4296 leges
