2918 4912
279 307 334 360 nn
353 307 507 360 uniens
528 306 762 364 ervireruu
783 309 1024 364 spreturus,
1102 299 1174 364 245

124 475 258 550 civitas
272 475 510 565 dissolvatur,
527 474 701 548 nimirum
718 476 777 550 vel
799 477 997 552 statuendo
1022 476 1121 552 diem
1138 487 1177 551 et
1204 513 1302 564 sm,
1317 515 1371 565 ru.

123 589 251 663 locum
277 599 524 684 certumque
548 587 658 677 cives,
677 588 740 684 qui
756 589 953 680 voluerint,
979 589 1176 664 convenire
1216 590 1360 696 *L

123 703 282 798 possint,
299 702 359 776 vel
376 724 626 776 successorem
638 702 717 798 ipse
730 703 969 793 nominando,
982 712 1095 800 prout
1107 701 1177 776 sibi
1189 729 1362 776 nasonem

124 815 176 887 ad
192 815 331 889 civium
348 837 582 889 communem
598 814 798 890 utilitatem
814 817 1020 890 conducere
1036 815 1178 890 videbi·
1190 797 1323 856 'lm

124 939 200 1000 tur.
254 929 291 1001 Is
307 928 434 1025 igitur,
455 922 518 1024 qui
544 952 719 1002 rumorum
737 939 972 1027 potestatem
999 953 1067 1026 pro
1084 942 1179 1003 tem-

124 1065 216 1137 pore
228 1042 316 1115 vitae
329 1041 483 1137 accepit,
498 1063 542 1115 eo
559 1041 670 1115 modo
684 1066 757 1138 quo
773 1042 995 1133 dictumest,
1013 1041 1179 1116 absolute

126 1177 210 1226 eam
226 1154 352 1246 habet,
370 1167 409 1228 et
425 1167 550 1252 potest
567 1155 762 1252 disponere
780 1156 826 1229 de
844 1157 1086 1230 successione.
1114 1155 1179 1229 Se-

126 1267 262 1357 cund0,
281 1267 312 1340 si
330 1279 492 1364 ponatur
509 1266 678 1366 populus
695 1269 742 1342 ab
765 1269 944 1343 electione
971 1268 1180 1342 monarche

127 1381 354 1478 teoprororii
370 1382 424 1454 ita
436 1381 657 1471 discessisse,
668 1394 712 1456 ut
722 1381 913 1456 decretum
924 1382 1027 1478 prius
1039 1381 1179 1456 factum

126 1494 176 1567 sit
203 1493 251 1567 de
268 1493 522 1568 conveniendo
539 1493 587 1568 ed
613 1494 711 1566 diem
733 1507 771 1568 et
787 1495 910 1568 locum
935 1505 1077 1568 certum
1092 1507 1180 1590 post

125 1619 287 1680 mortem
304 1608 383 1702 ejus
400 1639 410 1692 ;
435 1620 526 1681 tunc
543 1619 691 1681 mortuo
705 1609 918 1699 monarcha,
929 1606 1180 1681 consolidetur

125 1720 322 1816 imperium
344 1721 383 1794 in
400 1720 560 1819 populo,
578 1722 679 1795 nullo
708 1746 804 1795 novo
831 1734 917 1795 actu
944 1721 1091 1809 civium,
1115 1720 1181 1793 sed

121 1836 207 1930 jure
238 1834 374 1929 priore.
421 1835 516 1907 Toto
534 1834 632 1907 enim
659 1834 782 1907 medio
809 1846 988 1931 tempore,
1005 1857 1182 1906 summum

124 1947 335 2044 inperium,
357 1957 399 2020 ut
413 1947 622 2036 dominium,
632 1947 672 2019 in
681 1947 828 2045 populo
841 1960 936 2032 erat;
959 1956 1182 2020 urureutem

125 2061 203 2133 sive
221 2060 445 2134 coercitium
463 2063 542 2157 ejus
567 2070 713 2135 tentum
739 2061 778 2134 in
805 2060 1012 2134 monarcha
1041 2069 1182 2158 tempo-

124 2175 248 2263 rario,
266 2187 310 2248 ut
326 2175 622 2273 mptuetuarlo.
675 2175 787 2257 Quod
816 2175 847 2248 si
865 2173 1045 2274 populus,
1063 2172 1182 2247 electo

123 2289 331 2362 monarcha
357 2289 599 2387 cooperario,
625 2289 679 2362 ita
706 2288 914 2362 discesserit
947 2312 969 2360 e
996 2287 1112 2377 curia,
1138 2298 1183 2360 ut

126 2411 301 2497 tempore
322 2411 360 2474 et
383 2400 466 2474 loca
495 2412 598 2475 certa
625 2401 870 2475 conveniendi
896 2401 1090 2474 habiturus
1123 2399 1182 2487 sit,

129 2514 289 2588 durante
319 2515 480 2588 termino
508 2514 561 2587 illi
590 2515 833 2611 praesoripto;
872 2512 1183 2610 quemadmodum

128 2628 230 2724 apud
240 2628 418 2724 populum
434 2629 644 2702 Romanum
652 2627 742 2701 facti
755 2637 842 2701 sunt
852 2627 940 2700 olim
951 2627 1184 2710 dictatorem·

126 2728 206 2815 non
222 2741 414 2815 habendus
432 2756 488 2814 eet
505 2741 589 2815 talis
613 2764 683 2837 pro
704 2740 919 2829 monarcho,
938 2737 1004 2812 sed
1020 2761 1089 2835 pro
1107 2739 1184 2834 pri-

128 2878 191 2928 mo
208 2855 338 2951 populi
350 2855 531 2943 ministro,
541 2863 736 2950 potestque
740 2852 922 2952 populus,
936 2852 968 2924 si
984 2850 1182 2935 videbitur,

127 2993 215 3044 ‚eum
232 2967 552 3041 administratione
575 2990 643 3040 sun
668 2965 827 3062 privare,
854 2965 966 3038 etiem
986 2973 1073 3038 onte
1090 2976 1185 3037 tem-

128 3106 216 3179 pus;
234 3093 279 3154 ut
289 3081 378 3155 fecit
387 3080 546 3178 populus
554 3081 753 3170 Romanus,
761 3080 824 3175 qui
835 3078 996 3152 Minutio
1002 3076 1184 3174 Magistro

129 3195 299 3291 equitum
332 3196 512 3291 aequalem
546 3194 649 3268 dedit
682 3202 905 3291 potestatem
930 3216 1016 3266 cum
1042 3191 1185 3266 Quinto

130 3311 244 3384 Fabio
284 3310 461 3398 Maximo,
499 3332 609 3405 quem
646 3318 735 3381 onte
771 3306 913 3379 feceret
951 3305 1183 3378 dictatorem.

131 3424 241 3497 Ratio
260 3425 364 3518 cnjus
374 3423 428 3497 rei
442 3446 486 3496 ee
500 3433 568 3511 est,
581 3420 682 3516 quod
698 3419 854 3516 cogitari
866 3442 942 3491 non
958 3429 1084 3514 potest
1100 3441 1185 3490 eum

128 3537 207 3610 sive
224 3537 425 3626 hominem,
437 3537 514 3609 sive
531 3545 683 3625 eoetum,
695 3533 758 3629 qui
775 3533 814 3606 in
830 3532 1000 3628 potentie
1016 3532 1186 3628 proxima

129 3661 169 3723 et
181 3650 398 3724 immediata
408 3661 464 3723 est
474 3650 523 3723 ed
533 3647 731 3746 agendum,
744 3647 797 3720 ite
806 3645 1002 3742 imperium
1013 3646 1184 3735 retinere,

130 3775 173 3837 nt
189 3789 266 3838 non
283 3763 402 3860 possit
417 3774 505 3836 actu
520 3763 714 3857 imperare.
758 3759 960 3856 Imperium
977 3758 1077 3832 enim
1092 3758 1186 3832 nihil

131 3878 233 3951 eliud
251 3888 320 3967 est,
339 3901 451 3972 quam
464 3877 525 3971 jus
542 3874 748 3971 imperandi
765 3873 913 3970 quoties
929 3895 996 3968 per
1014 3883 1186 3945 naturam

130 4004 307 4101 possibile
324 4014 393 4076 est.
446 4002 648 4090 Postremo,
666 4001 698 4072 si
711 3997 889 4097 populus,
907 3996 1095 4069 declarato
1113 4019 1187 4068 mo-

130 4116 278 4190 narcho
297 4115 538 4213 temporario,
555 4117 609 4188 ito
627 4112 791 4186 discedat
815 4135 837 4184 a
855 4110 968 4199 ouria,
985 4119 1028 4182 ut
1044 4109 1188 4205 injussu

130 4230 311 4304 declarati
324 4253 402 4304 non
417 4229 468 4304 sit
483 4228 625 4302 licitum
642 4226 778 4302 iterum
789 4223 998 4312 convenire,
1013 4222 1187 4320 intelligi-
