2918 4912
681 275 910 328 IMPERIUM.

573 685 576 692 ’
683 723 844 797 carui
868 723 917 795 x.

338 884 540 934 SPEClEltUM
571 884 686 934 TRIUM
704 884 879 934 ctvlnffls
901 883 1023 941 Quota
1041 881 1263 934 Incommona

559 985 791 1034 SINGULARUM
809 984 1050 1035 COMPARATIO.

285 1103 312 1158 1.
334 1099 517 1174 Comparatio
530 1105 620 1156 status
640 1099 776 1156 naturalis
790 1118 857 1156 aum
880 1106 956 1158 statu
980 1100 1065 1157 civili.
1106 1103 1134 1158 2.
1156 1098 1334 1174 Imperantis

322 1199 352 1247 et
365 1191 470 1248 civium
484 1190 583 1248 eadem
603 1199 670 1248 sunt
683 1191 834 1248 commoda
853 1198 882 1248 et
895 1190 1085 1249 incommoda.
1125 1195 1153 1249 3.
1175 1191 1334 1249 Commen-

323 1282 401 1339 datio
427 1282 608 1338 monarchiae.
648 1286 676 1340 4.
697 1281 838 1358 Regimen
866 1283 950 1340 unius
976 1300 1035 1339 non
1061 1300 1122 1339 esse
1150 1300 1185 1340 eo
1214 1284 1333 1340 nomine

322 1373 462 1448 iniquum,
476 1373 554 1448 quod
569 1391 642 1429 unus
655 1372 719 1448 plus
732 1374 822 1448 possit
835 1373 945 1430 catenis
964 1373 1105 1430 omnibus.
1145 1377 1175 1432 5.
1197 1373 1334 1450 Rejectio

324 1465 465 1540 opinionis
487 1483 587 1522 eorum
611 1465 661 1540 qui
685 1465 786 1522 dicunt
808 1466 955 1523 dominum
978 1483 1044 1522 cum
1062 1465 1151 1522 servis
1172 1484 1232 1522 non
1247 1485 1334 1542 posse

323 1575 384 1614 esse
398 1557 551 1614 civitatem.
589 1560 617 1616 6.
639 1555 812 1614 Exactionea
835 1558 981 1633 graviores
1001 1576 1062 1614 esse
1080 1557 1134 1614 sub
1154 1557 1266 1632 populo
1278 1559 1334 1614 im·

322 1656 449 1723 perante,
477 1667 564 1725 quam
590 1649 646 1706 sub
672 1649 836 1707 monarcha.
876 1651 904 1712 7.
926 1646 1013 1706 Cives
1039 1651 1208 1706 innocentes
1236 1652 1334 1707 minus

323 1741 462 1798 obnoxios
475 1759 536 1798 esse
549 1742 640 1816 poenis
648 1741 703 1798 sub
712 1742 875 1810 monarcha,
886 1759 972 1818 quam
983 1742 1037 1799 sub
1047 1741 1164 1817 populo.
1183 1745 1214 1799 8.
1228 1740 1335 1799 Liber-

322 1839 411 1888 tatem
434 1832 540 1888 civium
561 1831 738 1908 singulorum
758 1850 815 1889 non
839 1833 979 1890 minorem
1000 1851 1062 1890 esse
1085 1833 1139 1889 sub
1163 1834 1333 1901 monarcha,
1451 1883 1452 1900 ,

324 1943 411 2000 quam
424 1925 479 1982 sub
490 1924 607 2000 populo.
647 1929 675 1984 9.
696 1923 764 1981 Non
787 1943 848 1983 esse
870 1925 982 1983 civibus
1004 1925 1233 1993 incommodum,
1253 1926 1335 2000 quod
1451 1941 1452 2036 p

324 2034 382 2073 non
395 2016 543 2074 omnesad
563 2016 692 2092 publicas
705 2016 924 2076 deliberationes
941 2016 1137 2074 admittantur.
1180 2021 1227 2076 10.
1251 2016 1334 2075 Deli-
1451 2037 1452 2040 ¹

324 2108 485 2165 berationes
498 2108 594 2165 civiles
607 2108 718 2184 magnis
732 2109 854 2166 coetibus
874 2108 948 2166 male
969 2108 1198 2176 committuntur,
1212 2117 1333 2184 propter

323 2199 511 2274 plurimorum
523 2200 713 2275 imperitiam:
736 2203 781 2258 ll.
803 2199 924 2276 Propter
937 2200 1148 2276 eloquentiam:
1171 2202 1218 2258 12.
1240 2199 1332 2276 Prop-

323 2298 367 2347 ter
388 2289 560 2348 lactionem:
583 2294 629 2350 13.
650 2291 772 2366 Propter
791 2292 1005 2349 instabilitatem
1029 2291 1146 2367 legum:
1168 2295 1217 2349 14.
1240 2290 1332 2367 Prop-

322 2389 367 2440 ter
390 2381 535 2441 defectum
556 2383 765 2441 taciturnitatis.
807 2387 853 2444 15.
874 2383 918 2441 Ea
941 2382 1124 2441 incommoda
1146 2382 1332 2442 democratia

324 2471 477 2543 adhaerere,
491 2482 632 2550 quatenus
645 2475 774 2533 homines
797 2475 965 2533 naturaliter
985 2475 1166 2532 delectantur
1186 2477 1333 2534 existima·

324 2566 401 2623 tione
414 2567 530 2642 ingenii.
572 2570 618 2626 16.
637 2565 826 2625 Incommoda
846 2568 969 2626 civitatis
990 2586 1026 2624 ex
1047 2586 1116 2644 rege
1139 2586 1243 2643 puero.
1285 2570 1332 2631 17.

322 2656 520 2716 Monarchicae
532 2659 703 2733 praestantia
713 2660 970 2736 signum,potestes
984 2659 1092 2716 ducum
1101 2660 1265 2716 castrensis.
1286 2663 1333 2718 18.

323 2747 457 2825 Optimus
470 2757 561 2808 status
570 2751 691 2809 civitatis
704 2758 756 2819 est,
765 2752 815 2809 ubi
829 2752 906 2808 cives
917 2751 1083 2826 imperantis
1091 2759 1159 2808 suut
1169 2751 1333 2809 haereditas.

324 2845 371 2901 19.
390 2840 580 2899 Aristocratia
592 2848 673 2899 tanto
686 2841 786 2900 melior
798 2850 851 2913 est,
871 2850 980 2918 quanto
993 2843 1168 2900 monarchia
1193 2844 1333 2919 propior3

322 2932 411 3010 pejor,
425 2941 533 3010 quanto
546 2934 584 2991 ab
598 2951 633 2991 ea
645 2935 791 2993 remotior.

97 3069 194 3120 sacr.
208 3069 261 3122 111.
288 3061 320 3124 1.
346 3052 638 3140 Dnmoonamn,
657 3049 908 3124 aristocratia
925 3062 964 3123 et
990 3049 1210 3123 monarchia
1242 3049 1333 3145 quid

101 3147 245 3251 ...ᾗ
284 3164 368 3254 sint,
397 3163 630 3236 dictumest.
684 3164 779 3236 Utra
808 3172 931 3235 autem
957 3162 1006 3235 ad
1032 3163 1169 3235 civium
1198 3186 1332 3258 pacem

75 3285 261 3396 fssffimllra.
286 3277 582 3366 conservandam,
600 3288 639 3350 et
656 3276 848 3349 commoda
871 3300 998 3350 eorum
1014 3274 1250 3372 procuranda
1266 3301 1332 3373 ap-

76 3366 273 3462 ...diam
286 3391 359 3464 tior
384 3389 444 3479 sit,
463 3413 587 3463 earum
613 3389 886 3486 comparatione
903 3387 1103 3463 videndum
1130 3399 1199 3462 est.
1253 3390 1332 3463 Pri-

285 3528 387 3576 mum
413 3515 536 3577 autem
554 3503 745 3576 commoda
774 3513 811 3576 et
841 3503 1075 3576 incommoda
1103 3503 1266 3576 civitatis
1292 3505 1331 3576 in

284 3618 494 3691 universnm
525 3617 765 3706 conferamus,
796 3617 951 3713 nequis
979 3616 1078 3689 forte
1107 3617 1222 3690 satius
1251 3641 1332 3690 esse

286 3732 398 3805 ducat
429 3731 552 3803 vivere
585 3735 882 3826 unumquemque
915 3729 1069 3802 arbitrio
1104 3752 1182 3818 suo,
1218 3755 1330 3826 quam

286 3844 471 3918 civitatem
488 3841 636 3915 omnino
663 3841 896 3914 constituere.
948 3842 1064 3914 Extra
1087 3852 1224 3914 statum
1241 3843 1330 3915 eivi-

285 3957 384 4048 tatis,
406 3955 653 4052 unusquisque
679 3954 887 4028 libertatem
913 3954 1027 4028 habet
1051 3955 1330 4051 integerrimam

287 4069 447 4167 quidem,
478 4069 544 4142 sed
577 4067 868 4152 infructuosam
908 4078 1106 4164 propterea
1136 4068 1237 4165 quod
1265 4071 1329 4166 qui

285 4194 437 4281 propter
459 4182 668 4257 libertatem
695 4204 797 4256 suam
824 4180 947 4254 omnia
972 4181 1049 4275 agit
1073 4181 1227 4256 arbitrio
1250 4207 1329 4273 suo,
