2896 4914
294 293 342 358 68
685 310 739 360 nn
759 310 940 364 nonnus.

0 564 1 569 Ἰ
106 507 201 558 sm,
217 509 254 558 ῃ,
296 474 326 563 1,
338 483 376 546 et
386 472 471 548 inde
485 472 604 558 adN;
621 485 879 572 sumptumque
891 477 939 550 sit
952 476 991 550 in
1005 476 1338 550 cadsmCDaliud

112 586 254 689 ᾗῇ,
295 597 473 684 punctum
496 586 671 660 remotius
689 587 730 675 C,
749 611 771 660 a
788 612 860 684 quo
877 575 1080 685 procedens
1098 590 1220 663 radius
1239 591 1337 680 CH,

295 701 546 796 refractusque
573 700 612 774 in
637 709 793 797 utraque
819 702 957 799 dioptri
981 703 1184 799 superficie,
1202 714 1339 799 pergat

293 835 361 909 per
377 814 471 886 LM.
524 814 616 888 Dico
644 815 726 887 LM
753 814 885 889 cadere
911 816 1007 890 inter
1034 817 1099 889 IN
1121 827 1159 896 ct
1179 839 1339 912 perpen-

295 927 496 1000 dicularem
513 925 598 999 OD.
627 927 812 1002 Quoniam
825 929 923 1001 enim
941 929 1032 1017 oH,
1051 930 1130 1002 GH
1149 952 1188 1001 se
1204 940 1337 1002 mutuo

295 1048 422 1112 secant
438 1037 476 1111 in
494 1039 544 1128 H,
559 1037 667 1112 cadet
681 1040 760 1113 HL
776 1040 874 1114 intra
891 1041 928 1114 H
941 1042 971 1128 Ι,
990 1052 1028 1114 et
1044 1042 1125 1115 LM
1139 1043 1238 1116 intra
1252 1043 1270 1116 Ι
1283 1044 1336 1114 N:

295 1153 416 1226 minus
434 1175 522 1247 ergo
540 1175 561 1226 a
579 1152 840 1248 perpendiculo
858 1153 932 1227 CD
950 1154 1110 1251 divergit
1127 1155 1209 1227 LM
1225 1180 1338 1250 quam

295 1267 374 1340 IN
426 1264 536 1339 Quod
553 1276 634 1338 erat
649 1264 889 1360 probandum.

84 1385 182 1428 ΜΗ
137 1399 182 1443 ⁰¹1¹
184 1385 287 1493 “¹¹13
346 1387 383 1452 4.
409 1378 505 1451 Ex‘'
482 1403 526 1452 ns
545 1402 627 1474 quae
641 1379 718 1473 jam
741 1378 841 1452 dicta
859 1388 956 1465 sunt,
974 1380 1070 1453 ratio
1087 1393 1241 1476 apparet
1260 1407 1338 1454 ma-

84 1456 441 1582 tn1l1bu=⁰use⁰⁰l⁰¹ntmfesta
461 1514 574 1589 quare
592 1491 778 1619 dioptrum
804 1492 993 1620 splraerice·
999 1517 1201 1566 convexum
1220 1518 1339 1566 arma-

44 1597 49 1608 ’
294 1617 379 1680 ttrra
396 1605 586 1682 oculorum
602 1605 753 1701 propria
769 1614 824 1677 est
849 1605 904 1694 iis,
934 1605 997 1700 qui
1023 1629 1170 1678 causam
1185 1607 1339 1680 visionis

294 1720 457 1794 confusae
472 1719 612 1792 habent
627 1718 735 1808 hanc,
754 1718 852 1814 quod
869 1719 962 1791 radii
980 1743 1002 1790 a
1020 1719 1183 1813 quolibet
1201 1721 1339 1816 objecti

293 1844 432 1928 puncto
469 1831 509 1904 in
543 1831 773 1926 superficiem
807 1830 904 1903 oculi
941 1831 1087 1924 oblique
1120 1830 1338 1922 incidentes,

296 1946 421 2041 quales
438 1955 526 2018 sunt
541 1943 726 2039 praecipue
742 1942 796 2016 illi
813 1943 876 2038 qui
892 1953 1086 2016 transeunt
1101 1968 1168 2040 per
1187 1947 1338 2040 pupillae

295 2058 556 2146 extremitates,
583 2055 754 2128 incidunt
779 2055 819 2128 in
846 2055 1003 2129 retinam
1029 2056 1174 2152 longius
1197 2058 1244 2130 ab
1269 2083 1338 2132 axe

296 2172 432 2268 optico,
450 2195 474 2243 a
488 2181 595 2266 parte
612 2169 689 2242 axis
707 2168 846 2258 eadem,
862 2193 972 2265 quom
988 2169 1137 2242 visionis
1155 2169 1338 2246 distinctae

295 2294 429 2358 natura
443 2283 618 2380 postulat.
670 2282 767 2356 Nam
792 2282 1004 2378 hujusmodi
1022 2283 1220 2379 dioptrum,
1240 2285 1339 2360 inter

297 2398 443 2472 oculum
456 2407 493 2471 et
511 2397 697 2492 objectum
710 2396 749 2470 in
765 2395 889 2470 debita
902 2397 1044 2470 ratione
1061 2398 1235 2493 positum,
1250 2400 1339 2474 facit

295 2521 337 2584 ut
353 2510 447 2585 radii
464 2535 487 2584 a
504 2511 666 2608 quolibet
682 2521 820 2606 puncto
837 2510 1025 2583 venientes
1043 2510 1091 2582 ad
1104 2514 1338 2607 superficiem

295 2623 393 2696 oculi
409 2624 605 2697 erectiores
622 2624 708 2710 sint,
722 2633 760 2696 et
775 2633 974 2719 propterea
985 2623 1024 2696 in
1038 2624 1197 2719 spatium
1207 2627 1338 2702 retinae
1446 2647 1447 2678 ¹

296 2736 395 2810 circa
410 2760 516 2810 axem
533 2737 698 2834 opticum
715 2736 942 2810 contractius
959 2736 1138 2809 incidant.
1190 2739 1248 2810 Ex
1266 2764 1338 2835 quo

294 2851 350 2939 fit,
359 2861 403 2923 ut
411 2850 478 2924 uni
490 2860 630 2947 puncto
644 2850 781 2946 objecti
790 2849 942 2946 physico
954 2850 1105 2936 unicum
1117 2853 1339 2947 respondeat

294 2975 474 3057 punctum
489 2964 682 3060 physicum
694 2964 734 3036 in
746 2962 878 3052 retina,
896 2987 919 3036 a
935 2987 1008 3057 quo
1027 2961 1138 3036 ducta
1154 2975 1258 3038 recta
1273 2990 1340 3062 per

295 3076 424 3150 retinae
438 3089 609 3150 centrum
626 3078 669 3150 fit
685 3077 796 3150 unius
810 3076 940 3171 puncti
951 3077 1062 3150 unica
1079 3087 1226 3150 tantum
1243 3079 1341 3152 linea

296 3189 456 3264 visualis,

87 3319 152 3362 Ratio
159 3316 266 3376 lucedio
266 3331 289 3374 r
351 3311 385 3375 5.
413 3301 599 3391 Similiter,
617 3300 809 3375 manifesta
834 3301 928 3376 ratio
954 3312 1010 3378 est
1032 3319 1144 3397 quare
1161 3300 1341 3378 luscioso-

86 3389 287 3493 ffmtffim
185 3447 266 3491 aaa.
300 3439 383 3488 rum
399 3415 559 3510 (quibus,
572 3426 722 3511 propter
734 3439 882 3488 mmmm
898 3414 1169 3504 refractionem,
1184 3416 1280 3490 radii
1293 3419 1340 3492 ab

299 3552 374 3602 uno
391 3538 528 3624 puncto
546 3528 683 3626 objecti
703 3527 940 3602 incidentes
931 3553 971 3602 m
994 3528 1225 3624 superficiem
1242 3531 1342 3604 oculi
1445 3569 1446 3598 r

299 3654 427 3718 secant
444 3666 550 3716 axem
572 3642 738 3738 opticum
755 3642 849 3715 citra
864 3642 1032 3732 retinam,
1050 3643 1283 3738 spatiumque
1302 3645 1341 3718 in
1445 3621 1446 3704 l

299 3757 418 3829 retina
428 3770 611 3851 occupant
626 3755 781 3827 nimium
797 3754 1014 3850 inpartibus
1028 3756 1238 3848 contrariis)
1255 3782 1342 3852 pro-

298 3870 380 3965 pria
413 3880 599 3942 armatura
634 3878 689 3940 est
731 3867 918 3963 dioptrum
952 3891 1182 3950 concavum;
1227 3871 1341 3964 quod,

299 3983 459 4078 positum
475 3983 557 4055 loco
571 3981 669 4054 inter
681 3981 829 4054 oculum
846 3991 883 4052 et
896 3980 1081 4075 objectum
1096 3979 1233 4069 debito,
1252 3983 1343 4056 facit

299 4105 343 4168 ut
358 4095 452 4168 radii
469 4093 609 4189 obliqui
630 4092 797 4166 incidant
811 4092 851 4164 in
874 4091 1104 4187 superficiem
1120 4093 1218 4166 oculi
1235 4094 1343 4168 incli-

300 4208 461 4283 natiores
477 4238 486 4293 ;
504 4205 603 4282 unde
617 4205 729 4279 iidem
742 4205 891 4280 refracti
901 4227 1008 4278 axem
1018 4204 1183 4301 opticum
1194 4207 1343 4304 longius
