2904 4916
338 318 392 368 nn
412 315 593 370 orrrcm
614 317 931 371 rurnnsnmuu.
1086 301 1159 368 303

108 481 243 556 animis
276 482 469 556 hominum
498 485 734 566 insomnium
770 484 882 581 leges,
913 482 1045 580 quibus
1073 480 1161 554 huic
1189 512 1353 564 suenni.

110 595 208 668 malo
226 595 452 670 obviandum
468 609 536 688 est,
553 621 630 671 non
656 597 696 670 in
720 609 897 687 amantes,
923 596 990 670 sed
1006 596 1046 669 in
1062 595 1162 692 ipsos
1201 589 1345 694 „IL

110 733 255 782 errores
272 709 539 784 constituendae
556 722 654 784 sunt.
705 711 859 784 Errores
876 709 942 798 illi,
960 733 1051 806 quos
1067 731 1162 805 prae-

110 822 269 895 cedente
286 823 407 919 capite
424 847 508 897 cum
532 823 656 920 quiete
685 823 844 898 civitatis
868 823 1070 896 consistere
1086 845 1163 894 non

110 959 220 1032 posse
237 937 512 1026 affirmavimus
528 937 568 1009 in
593 937 736 1010 animos
765 937 913 1010 rudium
937 935 1165 1032 irrepserunt

109 1049 248 1146 partim
264 1074 286 1122 e
303 1051 607 1124 concionatorum
621 1049 818 1138 cathedris,
830 1049 967 1146 partim
984 1073 1007 1123 a
1025 1072 1164 1122 sermo-

109 1163 220 1235 nibus
246 1162 470 1257 quotidianis
496 1163 688 1236 hominum
717 1175 871 1260 propter
896 1163 951 1236 rei
974 1163 1164 1236 familiaris

109 1277 302 1350 laxitatem
320 1277 450 1351 studiis
467 1277 699 1362 vacantium
727 1277 822 1351 etin
835 1277 977 1350 animos
993 1276 1165 1350 boruma

111 1389 326 1464 doctoribus
348 1390 607 1464 adolescentiae
623 1415 700 1464 sua
716 1393 755 1464 in
777 1390 975 1464 academiis
995 1391 1163 1487 publicis.

112 1503 241 1578 Quare
264 1504 377 1576 etiam
391 1504 473 1577 vice
495 1527 612 1592 versa,
641 1503 673 1576 si
701 1505 784 1599 quis
806 1527 934 1576 sanam
957 1504 1164 1577 doctrinam

112 1616 350 1690 introducere
368 1617 538 1705 volucrit,
564 1616 816 1713 incipiendum
833 1617 868 1690 ei
895 1627 952 1689 est
969 1617 1016 1690 ab
1033 1615 1165 1690 acade-

111 1729 208 1803 miis.
237 1729 318 1802 Illic
333 1729 574 1804 brndomenta
589 1729 768 1802 doctriua
785 1729 903 1802 civilis
919 1753 1008 1802 vera
1024 1741 1064 1803 et
1079 1753 1165 1802 vere

112 1844 368 1916 demonstrata
390 1841 563 1939 jacienda
579 1854 677 1932 sunt,
706 1841 838 1938 quibus
864 1842 998 1916 imbuti
1022 1843 1165 1917 adoles-

112 1965 252 2045 centes,
269 1956 416 2051 plebem
431 1967 561 2052 postea
577 1955 750 2053 privatim
766 1967 805 2029 et
820 1955 967 2052 publice
984 1957 1165 2030 iustruere

111 2070 268 2166 possint.
320 2069 364 2142 ld
387 2080 512 2143 autem
539 2081 644 2144 tanto
674 2069 832 2144 macrino
849 2079 888 2142 et
904 2070 1094 2166 potentius
1110 2069 1166 2143 fa-

114 2185 228 2273 cient,
243 2195 383 2280 quanto
400 2184 470 2281 ipsi
487 2183 533 2257 de
547 2184 705 2258 veritate
722 2207 862 2272 eorum,
880 2207 963 2279 quae
980 2183 1116 2257 docent
1127 2193 1165 2256 et

113 2297 330 2394 pradicant,
359 2297 536 2372 certiores
558 2309 678 2371 erunt
733 2295 925 2394 Siquidem
951 2297 1050 2370 enim
1078 2319 1167 2395 pro-

113 2411 315 2508 positiones
341 2423 495 2507 propter
511 2409 815 2484 consuetudinem
832 2409 1019 2500 audiendi,
1037 2435 1165 2508 quam-

115 2549 228 2621 quam
251 2524 363 2614 falsae,
381 2547 452 2597 nec
477 2523 596 2620 magis
622 2521 871 2619 intelligibiles
897 2547 1008 2620 quam
1035 2524 1167 2619 siquis

114 2637 296 2712 vocabula
325 2647 424 2711 sorte
448 2661 495 2710 ex
518 2661 613 2710 urna
641 2647 810 2709 extracta
837 2637 1038 2733 copularet,
1055 2636 1165 2709 hodie

115 2763 277 2848 receptae
302 2762 400 2840 sunt,
426 2761 566 2846 quanto
596 2749 713 2845 magis
740 2750 960 2824 imbiberent
985 2750 1166 2839 bominac,

115 2875 271 2961 propter
283 2864 438 2936 eandem
455 2885 616 2953 causam
628 2863 817 2936 doctrinas
827 2887 944 2951 veras,
961 2863 1167 2937 intellectui

116 3001 182 3050 suo
200 2987 241 3049 et
257 3000 381 3048 rerum
394 2994 536 3049 naturae
549 2974 782 3048 conformes?
808 2977 930 3049 Officii
942 2977 1058 3073 igitur
1070 3001 1167 3050 sum·

115 3113 262 3162 morum
286 3087 547 3184 imperantium
575 3113 655 3162 esse
677 3089 849 3179 arbitror,
871 3090 1053 3164 elementa
1078 3115 1168 3165 vera

116 3203 298 3278 doctrinae
315 3202 430 3277 civilis
456 3203 639 3278 conscribi
663 3202 797 3292 facere,
815 3213 854 3276 et
871 3203 1052 3300 imperare
1069 3205 1166 3278 utin

115 3318 288 3392 omnibus
300 3317 460 3392 civitatis
474 3317 671 3390 academiis
688 3317 902 3390 doceantur.

170 3440 229 3506 10.
257 3429 428 3504 Secundo
445 3431 539 3520 loco,
558 3430 754 3526 disponere
770 3431 868 3504 cives
884 3431 933 3504 ad
949 3431 1167 3505 seditionem
1180 3451 1363 3529 onesinum,

115 3544 347 3618 ostendimus
359 3545 615 3641 egritudinem
633 3545 747 3617 animi
764 3545 811 3617 ab
829 3555 1031 3642 ege-statu
1057 3569 1167 3641 quam
1179 3518 1380 3640 ffldssflld'dlj.

116 3657 268 3754 quidem
281 3669 496 3754 egestatem,
510 3659 596 3732 licet
606 3682 629 3732 a
639 3658 785 3731 luxuria
795 3659 853 3731 vel
863 3659 1010 3755 ignavia
1019 3660 1168 3756 propria
1179 3650 1294 3757 ᾗῇζζῗξῗ
1306 3663 1355 3692 ⁰⁰¹¹·

114 3771 336 3868 profectam,
348 3771 532 3868 imputant
541 3785 666 3845 tamen
676 3772 734 3862 iis,
746 3771 807 3868 qui
821 3783 955 3867 regunt
967 3773 1166 3860 civitatem,

116 3899 297 3980 tanquam
313 3886 551 3981 pensionibus
572 3885 728 3982 publicis
745 3885 913 3960 exhausti
935 3897 973 3958 et
990 3886 1165 3982 oppressi.

116 3999 216 4072 Fieri
242 4011 367 4072 tamen
396 4009 519 4095 potest
545 3998 744 4095 aliquando
771 4011 814 4072 ut
843 3999 1072 4094 querimonia
1104 3998 1168 4072 illa

113 4113 216 4207 justa
245 4113 305 4201 sit,
323 4113 496 4187 nimirum
513 4136 599 4186 cum
615 4135 729 4188 onera
746 4114 903 4186 civitatis
920 4112 1060 4186 civibus
1078 4113 1167 4187 inae-
