2918 4912
287 311 340 362 nn
360 307 540 362 nncrnus
560 306 739 360 11111111
760 301 973 363 1111111111.
1081 283 1144 349 181

518 612 679 687 CAPUT
692 611 760 684 ΙΙΙ.

333 787 379 837 DE
398 787 544 837 LEGIBUS
562 786 717 836 NATURAE
735 785 910 842 RELlQUlS.

107 919 132 974 1.
152 913 217 972 Lex
233 920 343 972 neturm
356 912 490 981 secunda,
505 913 596 989 pactis
608 911 751 970 standum.
789 913 817 969 1.
840 911 924 972 Fides
939 931 1004 972 cum
1019 915 1153 973 omnibus

143 1005 288 1064 servanda
300 1007 360 1062 eine
374 1006 565 1080 exceptiones
590 1008 619 1064 3.
639 1003 756 1080 lnjnria,
776 1003 854 1080 quid.
889 1009 918 1065 4.
939 1006 1048 1084 Injuria
1061 1008 1086 1066 ei
1100 1007 1153 1066 ooli

144 1098 210 1156 fieri
235 1105 340 1173 potest,
365 1097 482 1174 quicum
509 1097 713 1154 contrahimus.
752 1102 781 1154 5.
802 1095 927 1158 Justitioe
955 1099 1100 1159 distinctio
1124 1102 1153 1157 in

141 1189 287 1267 justitiam
297 1189 445 1246 hominum
456 1195 485 1246 et
495 1190 651 1247 actionum.
691 1193 721 1249 6.
741 1187 1022 1268 Distinctiojustitia
1034 1193 1063 1250 in
1077 1198 1155 1251 com*-

145 1281 318 1339 mutativam
331 1286 361 1337 et
374 1279 584 1337 distributivam
607 1281 777 1339 examinata.
817 1283 844 1344 7.
866 1281 980 1341 Volenti
995 1303 1053 1342 non
1066 1283 1101 1342 fir
1112 1285 1156 1341 in·

140 1373 231 1452 juria.
271 1377 300 1432 8.
320 1371 383 1430 Lex
392 1381 503 1431 111111
516 1373 607 1442 tertia,
622 1372 659 1430 de
673 1373 885 1450 ingratitudine.
924 1379 953 1436 9.
967 1373 1030 1432 Lex
1045 1381 1155 1432 natura)

145 1473 261 1542 quarta,
281 1464 454 1540 utquisque
474 1482 506 1522 ae
525 1471 640 1539 praeetet
663 1466 853 1523 commodum.
897 1469 942 1526 10
962 1465 1025 1524 Lex
1045 1475 1156 1524 naturae

147 1558 259 1634 quinta,
283 1554 320 1612 dc
343 1555 544 1613 misericordia.
584 1559 632 1614 ll.
653 1554 716 1614 Lex
736 1563 846 1616 natnrm
865 1567 953 1626 nexta,
972 1557 1051 1634 quod
1063 1575 1156 1634 poenae

147 1649 281 1707 futurum
304 1655 416 1703 tantum
441 1655 580 1722 spectant.
621 1649 667 1706 12.
688 1645 750 1704 Lex
773 1656 882 1706 natura
903 1649 1032 1724 septima,
1056 1659 1158 1710 contra

148 1739 363 1799 contumeliam.
419 1741 465 1797 13.
485 1737 547 1796 Lex
576 1747 685 1797 naturm
714 1747 825 1808 octava,
852 1748 953 1798 contra
983 1741 1156 1817 superbiam.

151 1837 197 1892 14.
208 1830 272 1889 Lex
282 1838 392 1888 naturoe
402 1848 486 1898 nona,
497 1830 533 1888 de
544 1830 690 1888 modestia.
733 1835 778 1892 15.
788 1831 851 1890 Lex
864 1839 975 1890 naturm
987 1833 1107 1902 decima,
1121 1834 1158 1892 de

149 1925 296 2000 aequitate,
317 1923 377 1979 aive
400 1930 501 1979 contra
523 1923 718 1999 acceptionem
731 1941 925 1998 personarum.
967 1927 1012 1984 16.
1031 1923 1094 1982 Lex
1107 1943 1159 1983 na·

149 2025 224 2072 turre
239 2012 401 2078 undecima,
425 2012 461 2070 de
483 2011 621 2070 habendis
644 2013 674 2070 in
698 2015 853 2072 communi.
895 2016 942 2077 17.
960 2013 1024 2072 Lex
1048 2023 1159 2074 naturae

151 2105 333 2170 duodecima,
347 2104 382 2160 de
392 2113 468 2162 aorte
479 2103 648 2162 dividendis.
680 2108 725 2163 18.
746 2104 808 2164 Lex
819 2114 928 2164 naturae
938 2106 1051 2165 decima
1065 2109 1158 2178 tertia,

151 2198 188 2256 de
202 2197 429 2273 primogenitura
443 2203 473 2252 et
492 2196 585 2272 prima
598 2197 795 2273 occupatione.
838 2201 883 2260 19.
904 2196 967 2256 Lex
986 2208 1096 2256 natura
1110 2199 1160 2257 de-

153 2291 228 2348 cima
241 2295 353 2365 quarta.
367 2287 403 2344 de
423 2286 618 2345 incolumitate
638 2287 827 2346 mediatorum
848 2291 935 2366 pacis.
967 2293 1015 2350 10.
1034 2289 1096 2348 Lex
1111 2309 1162 2349 na·

153 2391 227 2442 turae
241 2380 354 2438 decima
366 2379 475 2456 quinta,
489 2379 525 2437 111
539 2380 738 2439 constituendo
751 2380 868 2438 arbitro.
908 2383 956 2440 21.
975 2380 1038 2440 Lex
1053 2391 1162 2442 naturm

155 2475 269 2533 decima
291 2481 379 2540 sexta,
401 2473 543 2529 neminem
564 2491 625 2530 esee
648 2473 788 2530 arbitrum
809 2491 902 2531 cauam
922 2491 991 2531 eure.
1031 2477 1079 2533 22.
1098 2473 1163 2532 Lex

154 2575 265 2625 naturae
284 2565 396 2623 decima
415 2565 543 2642 septima,
557 2565 679 2622 arbitros
692 2565 797 2622 debere
817 2585 878 2622 esse
900 2566 962 2623 eine
981 2585 1032 2642 epe
1051 2565 1162 2641 prmmii

156 2660 192 2717 ab
216 2660 251 2716 iis
273 2656 423 2725 referendi,
451 2675 574 2732 quorum
598 2675 685 2714 causa
701 2656 857 2734 judicatur.
897 2659 946 2716 13.
966 2655 1029 2715 Lex
1052 2665 1162 2714 nature

155 2752 269 2810 decima
278 2757 388 2815 octava,
400 2749 435 2806 de
446 2748 575 2806 testibus.
613 2752 662 2808 24.
682 2746 744 2805 Lex
758 2755 867 2805 natura
881 2747 993 2806 decima
1006 2766 1089 2816 nona,
1100 2747 1163 2806 nul·

155 2844 215 2901 lum
226 2861 293 2901 cnm
308 2841 415 2898 arbitro
428 2847 545 2915 pactum
558 2839 629 2897 fieri.
668 2842 717 2899 25.
738 2837 801 2897 Lex
814 2848 923 2897 natura
936 2841 1081 2916 vigesima,
1095 2857 1163 2897 con·

158 2945 202 2993 tra
216 2933 373 3010 crapulam,
384 2939 455 2990 elea
468 2949 534 3007 qum
547 2931 665 2989 rationis
678 2949 760 2988 usum
771 2930 940 3006 impediunt.
980 2933 1029 2992 26.
1050 2930 1164 3008 Regula

156 3043 311 3104 perquam
332 3023 428 3081 statim
449 3023 585 3099 cognosci
609 3029 712 3098 potest,
734 3041 771 3080 an
792 3022 869 3098 quod
892 3021 995 3080 lecturi
1007 3042 1115 3090 eumue,
1127 3023 1166 3081 sit

159 3127 259 3177 contra
280 3117 373 3194 legem
394 3123 513 3182 naturae,
535 3132 634 3172 necne.
674 3115 723 3178 11.
743 3113 837 3192 Leges
856 3123 965 3172 naturae
985 3115 1114 3192 obligant
1135 3115 1165 3172 in

158 3211 222 3269 loro
237 3211 350 3266 interno
374 3215 494 3266 tantum.
533 3209 581 3266 28.
601 3205 754 3263 Violantur
766 3207 843 3283 leges
864 3215 973 3264 nutura
992 3208 1166 3284 quandoque

159 3303 237 3362 sacto
260 3301 373 3377 legibus
394 3305 595 3358 consentaneo.
636 3299 682 3358 29.
704 3297 797 3374 Leges
818 3306 927 3356 naturm
947 3309 1014 3357 eunt
1033 3299 1167 3358 immuta·

160 3395 240 3454 biles.
282 3397 329 3452 30.
352 3391 410 3456 Qui
422 3390 501 3466 leges
515 3400 624 3446 natura
638 3397 759 3446 conatur
780 3388 908 3465 implere,
918 3388 1014 3467 justus
1027 3400 1078 3449 eet.
1118 3394 1167 3450 31.

160 3486 224 3544 Lex
245 3484 381 3542 naturalis
401 3482 501 3540 eadem
524 3498 591 3538 cum
613 3479 722 3538 morali.
763 3484 810 3540 31.
830 3481 917 3540 Unde
936 3481 996 3552 fiat,
1010 3482 1087 3560 quod
1101 3501 1167 3558 quoe

162 3579 319 3637 dictasunt
338 3573 374 3632 de
395 3575 459 3651 lege
482 3572 612 3642 naturali,
628 3591 684 3631 non
705 3573 761 3630 11111
781 3573 880 3631 eadem
901 3593 966 3650 qum
986 3573 1168 3632 traduntura

162 3669 338 3747 philosophis
360 3668 437 3726 circa
451 3665 578 3722 virtutes.
618 3667 665 3724 33.
686 3663 748 3721 Lex
768 3664 904 3722 naturalia
918 3683 974 3723 non
988 3675 1039 3733 cat,
1053 3665 1168 3742 proprie

161 3759 377 3838 loquendo,lex,
391 3758 444 3816 nini
457 3763 599 3833 quatenus
612 3755 734 3814 traditur
747 3756 776 3812 in
791 3755 939 3832 Scriptura
952 3775 1041 3816 sacra

132 3901 161 3963 1.
186 3891 338 3964 Lnouru
361 3886 583 3961 naturalium
597 3885 844 3959 derivatamm
858 3886 974 3959 altera
992 3899 1058 3978 est,
1069 3911 1168 3986 pac·
1198 3921 1295 3972 sm,
1310 3921 1362 3972 111,

131 4004 177 4075 111
204 4002 377 4076 standum
408 4025 502 4088 enee,
537 4000 612 4072 sive
639 3998 751 4073 fidem
781 3999 1049 4074 observandam
1076 4022 1168 4076 esse.
1208 3999 1352 4103 „L

131 4116 326 4190 Ostensum
337 4114 433 4187 enim
448 4126 504 4186 est
515 4113 635 4209 capite
644 4113 888 4210 praecedente,
894 4114 1014 4211 legem
1026 4126 1170 4191 natnrae
1182 4125 1325 4172 namn...

1182 4192 1342 4250 wcundapao

131 4231 324 4328 praecipere
342 4239 517 4324 tanquam
534 4251 612 4302 rem
640 4227 877 4302 conciliandae
902 4229 987 4326 paci
1003 4253 1170 4304 necessa·
1182 4257 1329 4302 11111..
