2912 4912
310 280 380 361 172
561 251 564 258 Δ
706 300 924 354 nrnnnrrs.

110 497 209 550 sacr,
222 499 276 552 111,
304 467 414 542 hodie
436 468 497 563 jus
526 468 721 542 immotum
747 483 814 561 est,
828 481 1026 565 manetque
1050 469 1162 543 etiam
1188 469 1352 543 crastino

122 575 265 682 ,ξύ
305 580 376 672 die,
403 580 474 654 nisi
491 581 633 655 interea
657 595 744 657 antu
761 583 916 658 dederit.
969 583 1081 658 Quod
1106 583 1205 656 enim
1226 607 1352 656 meum

305 706 373 785 est,
390 720 513 770 meum
540 708 676 788 manet,
699 698 770 771 nisi
792 707 877 794 post
893 695 1069 770 dederim.
1122 695 1285 772 Quodsi
1305 694 1353 768 de

303 808 478 905 praesenti
495 808 637 904 loquar,
662 825 755 906 puta
777 810 849 884 hoo
873 810 996 898 modo,
1015 809 1075 899 do,
1100 809 1160 883 vel
1176 807 1268 882 dedi
1285 807 1354 880 Ita-

305 919 460 995 bendnna
477 944 579 1011 oros,
606 921 678 995 illis
704 923 825 996 verbis
843 923 1082 1019 significatur,
1099 945 1159 994 me
1187 921 1352 1010 dadano,

305 1043 343 1106 et
350 1035 419 1130 jas
435 1034 597 1107 habendi
617 1058 718 1125 cras,
731 1036 960 1109 transtulisse
977 1035 1101 1108 hodie.

94 1169 297 1248 refutanda,
356 1150 391 1230 7.
417 1147 679 1236 Veruntamen,
691 1149 864 1244 quoniam
875 1148 988 1221 verba
998 1137 1076 1221 sola
1088 1146 1136 1220 ad
1150 1145 1356 1220 voluntatis

93 1235 294 1354 mm}
305 1258 590 1334 declarationem
607 1261 713 1357 signa
730 1261 948 1334 sufficientia
967 1284 1042 1333 non
1060 1269 1158 1347 sunt,
1176 1260 1291 1332 verba
1308 1259 1354 1332 de
1439 1249 1440 1258 ¹

93 1364 294 1476 {ffimfflff
304 1371 442 1464 finum,
461 1374 492 1446 si
519 1374 591 1447 alia
616 1373 739 1447 adsint
760 1374 864 1470 signa
897 1373 1110 1462 voluntatis,
1127 1372 1251 1446 valere
1269 1397 1354 1469 pos-
1440 1446 1441 1500 q

304 1497 400 1579 sunt,
418 1499 595 1584 tanquam
612 1488 712 1561 dicta
728 1499 850 1561 essent
867 1487 913 1560 de
923 1485 1109 1583 praesenti.
1163 1486 1357 1582 Siquidem

304 1601 402 1674 eninr
418 1613 570 1698 propter
595 1600 667 1674 alia
684 1601 790 1698 signa
805 1599 1012 1674 eonstiterit
1029 1599 1150 1695 ipsum
1168 1599 1356 1674 defuturo

303 1720 516 1815 loquentem
529 1719 622 1792 velle
631 1718 753 1791 valere
770 1719 883 1791 verba
897 1741 962 1790 sua
979 1716 1240 1813 adperfeotam
1247 1717 1356 1812 juria

304 1834 364 1906 sni
382 1831 683 1921 translationem,
697 1833 819 1905 valere
837 1831 985 1904 debent.
1036 1830 1231 1927 Dependet
1258 1831 1356 1904 enim

293 1945 403 2040 juris
421 1945 638 2035 translatio,
655 1969 730 2019 non
756 1970 779 2018 a
802 1946 934 2035 verbis,
960 1945 1037 2034 sed,
1058 1955 1100 2018 ut
1131 1944 1275 2018 dietum
1301 1955 1358 2018 est

308 2057 480 2153 (articulo
498 2067 534 2147 4,
551 2059 661 2154 hujus
678 2058 825 2154 capitis)
842 2057 1126 2131 adeclaratione
1142 2057 1354 2141 voluntatis,
1442 2112 1443 2196 q

94 2192 201 2240 nam
209 2195 274 2240 aaa
356 2179 392 2246 8.
420 2171 460 2244 Si
470 2171 550 2266 quis
557 2173 618 2267 jus
632 2170 781 2266 aliquod
791 2194 898 2244 suum
911 2169 959 2244 ad
972 2170 1129 2244 alterum
1142 2169 1355 2258 transferat,
1442 2197 1443 2216 ¹

93 2259 284 2370 '⁵⁰⁰⁰“iff'mdss
304 2306 425 2379 neque
448 2282 487 2356 id
509 2284 624 2356 faciat
647 2294 799 2380 propter
824 2284 965 2357 bonum
990 2294 1122 2356 mutuo
1148 2293 1359 2379 acceptum,

154 2390 159 2401 '
304 2396 363 2468 vel
391 2408 543 2493 propter
571 2405 742 2494 pantum3
770 2395 950 2492 ejusmodi
972 2395 1164 2468 translatio
1194 2418 1350 2470 DONUM

306 2521 469 2600 vocatur,
485 2510 561 2584 sive
580 2510 735 2584 donatio
752 2508 889 2583 libera.
946 2509 991 2582 In
1005 2508 1207 2582 donatione
1225 2521 1352 2582 eutem

303 2624 430 2714 libera,
443 2624 609 2720 obligant
621 2646 665 2696 ea
677 2623 790 2695 verba
802 2622 891 2710 sola,
906 2646 988 2718 quae
1003 2621 1242 2718 deproesenti
1253 2634 1356 2712 sunt,

303 2737 361 2810 vel
379 2735 426 2809 do
437 2735 651 2834 praeterito.
704 2736 802 2807 Nam
819 2735 850 2808 si
874 2733 1069 2831 dejotaro
1086 2735 1173 2825 sint,
1188 2758 1268 2810 non
1287 2739 1352 2811 ob·

302 2850 421 2948 ligant
437 2860 479 2923 nt
495 2849 622 2938 verba,
640 2859 792 2945 propter
809 2849 990 2922 rationem
1011 2848 1166 2922 articulo
1182 2850 1352 2946 proxime

304 2964 489 3060 superiore
523 2962 732 3036 adductam.
784 2961 942 3057 Oportet
968 2961 1083 3056 igitur
1111 2973 1156 3034 ut
1189 2963 1237 3034 ab
1272 2963 1355 3036 aliis

303 3077 417 3173 signis
458 3076 656 3150 voluntatis
691 3086 866 3149 nascatur
900 3074 1089 3171 obligatio.
1163 3075 1355 3151 Quoniam

303 3199 427 3263 autem
445 3188 620 3285 quicquid
635 3189 678 3262 fit
694 3187 918 3278 voluntario,
945 3198 1097 3285 propter
1121 3189 1264 3262 bonum
1287 3191 1354 3264 ali-

303 3302 405 3398 quod
419 3303 464 3375 fit
483 3301 652 3391 nolentis,
679 3302 820 3375 nullum
844 3302 990 3398 signum
1013 3302 1215 3376 voluntatis
1240 3303 1354 3378 dandi

303 3415 481 3512 assignari
510 3426 645 3512 potest,
675 3426 810 3512 praeter
844 3415 995 3512 aliquod
1025 3414 1159 3488 bonnm
1187 3416 1257 3490 tali
1287 3415 1353 3491 do-

302 3529 452 3602 natione
469 3529 701 3625 aequisitum,
718 3529 777 3602 vel
790 3528 1067 3625 acquirendum.
1121 3529 1353 3626 Supponitur

302 3652 428 3714 autem
447 3640 589 3713 nullum
613 3641 686 3714 tale
707 3642 847 3714 bonum
870 3641 1091 3737 acquisitum
1112 3664 1203 3730 esse,
1231 3665 1354 3739 neque

301 3764 451 3849 pactum
464 3753 654 3838 exsistere;
674 3755 761 3851 quia
777 3754 830 3827 sio
847 3778 923 3826 non
936 3765 1033 3827 esset
1046 3753 1202 3828 donatio
1215 3753 1353 3828 libera.

303 3867 433 3941 Restat
449 3867 563 3964 igitur
584 3879 627 3940 ut
653 3867 781 3940 bonam
799 3877 959 3940 matnnrn
975 3867 1054 3940 sine
1070 3879 1180 3963 pacto
1200 3891 1351 3965 exspec-

302 3979 457 4054 tandum
482 3980 539 4052 sit.
604 3980 758 4076 Signum
788 3992 911 4053 autem
939 3980 1081 4054 nullum
1109 3981 1190 4054 dari
1213 3991 1351 4077 potest,

304 4116 416 4188 quare
442 4094 486 4181 is,
514 4091 577 4187 qui
602 4093 721 4166 verbis
746 4093 791 4165 de
814 4093 940 4167 futuro
964 4117 1051 4168 usus
1076 4104 1147 4184 est,
1175 4094 1352 4168 adversus
