2828 4912
158 239 226 307 136
471 253 672 310 urrsrooa
692 253 989 309 onorcsronrs.

152 459 348 544 virtutibus
377 459 490 558 pacis,
516 458 564 534 ad
591 458 866 534 similitudinem
893 459 964 534 Dei
990 457 1202 544 acceditur;
1233 457 1293 532 hic

153 622 304 708 propter
321 609 499 685 malorum
517 609 747 709 pravitatem,
773 610 1034 684 recurrendum
1060 609 1171 684 etiam
1187 608 1293 682 bonis

153 769 221 851 est,
247 759 279 833 si
297 783 334 832 se
352 759 449 835 tueri
465 759 605 849 volunt,
620 759 667 832 od
680 759 835 834 virtutes
849 758 997 833 bellicas
1015 757 1089 832 vim
1103 768 1142 832 et
1155 755 1292 846 dolum,

154 909 194 984 id
227 920 294 998 est,
321 908 369 984 ad
392 909 548 989 ferinam
577 909 828 1008 rapacitatem.
883 909 1004 984 Quam
1030 908 1100 982 etsi
1127 907 1294 982 homines

152 1084 222 1160 pro
248 1060 408 1136 convitio
434 1060 590 1135 invicem
612 1060 799 1157 objiciant,
827 1083 929 1134 more
946 1059 1085 1150 innato,
1112 1057 1213 1133 facta
1229 1081 1296 1132 sua

154 1210 194 1285 in
210 1209 375 1309 personis
392 1209 558 1301 aliorum,
576 1221 752 1308 tanquam
770 1211 808 1284 in
826 1210 974 1308 speculo
988 1209 1135 1284 sinistra
1152 1206 1294 1298 dextra,
1335 1301 1342 1316 .

155 1359 444 1436 dextrasinistra
459 1359 725 1444 existimantem
743 1359 873 1434 vitium
891 1369 1015 1434 tamen
1027 1381 1105 1432 esse
1119 1381 1192 1432 non
1209 1357 1296 1432 sinit

153 1508 361 1608 profectum
385 1532 409 1582 a
433 1509 651 1584 necessitate
669 1507 955 1583 conservationis
971 1507 1130 1605 propriae
1151 1507 1214 1604 jus
1230 1531 1297 1580 na-

154 1657 284 1732 turale.
347 1657 457 1734 Quod
486 1669 609 1733 autem
638 1659 781 1750 Catoni,
807 1659 886 1734 viro
916 1657 1106 1758 sapientiae
1136 1658 1298 1732 celebra·

154 1806 318 1901 amimae,
346 1809 472 1883 odium
498 1833 566 1906 pro
593 1809 745 1906 judicio,
776 1811 928 1884 affectus
960 1832 1028 1907 pro
1058 1809 1202 1883 ratione
1229 1809 1300 1884 im-

154 1980 292 2056 ponere
317 1957 355 2030 in
381 1967 526 2034 tantum
553 1960 688 2058 potuit,
714 1969 757 2034 ut
787 1958 886 2057 quod
914 1981 1059 2056 aequum
1087 1959 1125 2032 in
1160 1959 1300 2057 populo

154 2127 235 2196 suo,
253 2103 351 2178 idem
368 2129 472 2202 reges
489 2105 609 2182 facere
626 2107 793 2205 iniquum
812 2117 988 2200 censeret,
1003 2109 1129 2183 mirari
1142 2109 1301 2183 fortasse

154 2254 219 2330 alii
244 2265 440 2354 poterunt;
467 2281 535 2355 ego
563 2283 650 2335 sane
676 2261 715 2335 in
739 2284 782 2336 ea
809 2261 982 2360 opinione
1008 2263 1085 2359 jam
1112 2261 1178 2336 diu
1204 2286 1300 2353 sum,

156 2428 278 2502 neque
295 2407 480 2504 egregiam
502 2410 721 2484 sententiam
747 2435 911 2508 unquam
930 2411 1041 2486 firisse
1059 2436 1142 2508 quoe
1158 2413 1302 2510 placuit

155 2555 305 2654 populo,
320 2581 439 2656 neque
452 2559 669 2657 sapientiam
679 2561 821 2658 vulgari
835 2562 1010 2658 majorem
1023 2560 1134 2659 vulgo
1149 2563 1301 2660 agnosci

157 2727 281 2802 possm
300 2705 434 2807 quippe
452 2732 562 2806 quam
581 2709 638 2784 vel
655 2733 729 2784 non
746 2709 968 2808 intelligunt,
981 2709 1040 2784 vel
1052 2709 1301 2808 intelligentes

157 2863 318 2948 aequant.
370 2853 582 2928 Graecorum
601 2855 924 2952 Romanorumque
940 2855 1040 2930 facto
1063 2865 1101 2930 et
1128 2854 1301 2931 diotece-

158 2997 274 3074 lebria
289 3023 364 3075 non
387 3003 494 3090 ratio,
526 3001 592 3076 sed
618 3001 847 3098 magnitudo,
875 3014 913 3076 et
941 3023 1038 3099 saepe
1062 3000 1155 3076 illud
1181 3003 1299 3100 ipsum

158 3145 337 3246 lupinum,
350 3150 448 3247 quod
459 3163 588 3227 mutuo
600 3152 834 3249 exprobrant,
845 3151 1007 3227 historiae
1018 3151 1297 3241 commendavit,

161 3323 244 3398 quoe
267 3324 343 3375 una
369 3326 453 3377 cum
475 3301 631 3401 publicis
659 3301 864 3378 actionibus
890 3313 1033 3376 actores
1059 3327 1126 3401 per
1153 3327 1297 3378 cursum

160 3451 366 3526 seculorum
384 3453 544 3530 devolvit
561 3455 843 3553 qualescunque.
897 3453 1084 3553 Sapientia
1103 3477 1193 3530 vera
1209 3453 1295 3528 nihil

159 3601 261 3677 aliud
286 3613 342 3678 est
367 3627 477 3702 quam
497 3603 536 3678 in
557 3603 658 3679 omni
675 3603 831 3679 materia
847 3603 1012 3679 veritatis
1030 3604 1194 3680 scientia.
1243 3604 1294 3678 Ea

159 3775 259 3846 vero,
286 3778 370 3828 oum
388 3779 411 3829 a
427 3754 604 3829 memorie
619 3778 743 3828 rerum
759 3777 826 3852 per
843 3753 1106 3852 appellationes
1124 3767 1240 3831 certas
1256 3765 1292 3826 ct

160 3899 331 3976 definitas
349 3901 510 3977 excitata
526 3901 723 3994 derivetur,
737 3925 812 3976 non
826 3901 937 3976 animi
951 3903 1045 3978 acris
1063 3913 1102 3978 et
1118 3899 1289 4002 repentini

160 4049 331 4149 impetus,
358 4051 423 4126 sed
451 4051 605 4126 rationis
630 4062 753 4142 rectae,
780 4049 912 4142 idest,
940 4051 1181 4150 philosophiae
1207 4071 1287 4148 opus

161 4213 229 4277 est.
282 4203 457 4278 Perhono
471 4203 568 4278 enim
582 4226 739 4278 ererum
753 4203 978 4302 singulorum
992 4201 1287 4304 contemplatione
