2918 4912
98 515 195 564 iEC'l'.
211 515 263 566 Ill.

110 591 252 694 ἐϋ

294 301 368 368 244
697 317 928 370 rurnmou.

294 492 553 566 determinato.
615 492 657 565 Si
687 493 913 590 simpliciter,
941 493 1164 590 intelligitur
1186 495 1243 568 ita
1265 517 1347 569 esse

294 605 490 702 imperium
512 607 590 702 ejus
617 606 678 678 cui
702 607 875 697 traditur,
903 607 999 680 sicut
1026 618 1106 682 erat
1124 607 1269 706 populi
1283 609 1348 706 qui

294 719 461 792 tradidit.
514 720 600 794 Qua
615 720 730 816 igitur
754 721 898 794 ratione
908 721 1079 819 popolus
1086 724 1181 818 jure
1197 746 1348 796 monar-

294 831 404 904 cham
426 830 542 922 illam,
567 832 697 905 eadem
726 833 787 906 ille
814 833 1054 906 monarcham
1079 833 1197 906 olium
1222 835 1348 908 facere

292 954 416 1039 potest
427 977 438 1030 =;
464 945 518 1018 ita
532 955 575 1018 ut
601 945 821 1036 monarcha,
839 947 899 1018 cui
926 945 1141 1042 simpliciter
1165 948 1349 1020 traditum

292 1069 350 1130 est
367 1058 573 1154 imperium,
584 1069 773 1156 competat
779 1060 849 1154 jur
862 1083 938 1132 non
950 1058 1062 1132 modo
1072 1061 1350 1158 possessionis,

294 1170 360 1243 sed
377 1171 489 1244 etiam
505 1172 766 1261 coeremicola,
783 1183 827 1244 ut
839 1172 955 1268 possit
972 1194 1038 1244 suo
1053 1172 1206 1245 arbitrio
1225 1173 1350 1248 decla-

293 1308 376 1357 rare
395 1308 644 1359 successorem
660 1309 779 1358 suum.

110 1415 146 1458 De
154 1414 281 1458 monarchis
348 1406 405 1470 16.
433 1398 588 1472 Quodsi
604 1399 800 1494 imperium
825 1421 894 1494 pro
910 1408 1078 1494 tempore
1096 1398 1348 1472 determinato

110 1481 139 1523 ad
149 1485 244 1538 tempus.

292 1523 440 1584 tantum
453 1510 631 1586 traditum
648 1512 707 1602 sit,
725 1512 797 1584 alia
816 1521 954 1608 praeter
969 1512 1088 1607 ipsam
1105 1511 1349 1585 traditionem

294 1623 495 1720 spectanda
512 1633 609 1696 sunt.
662 1623 836 1712 Primum,
853 1632 979 1696 utrum
996 1622 1179 1720 populor,
1193 1648 1281 1696 cum
1308 1625 1349 1698 in

293 1760 379 1809 eum
395 1737 590 1834 imperium
607 1736 816 1826 contulerit,
832 1736 1023 1831 reliquerit
1033 1737 1102 1810 sibi
1109 1738 1180 1832 jus
1192 1737 1242 1810 ad
1256 1747 1350 1811 tem-

292 1875 385 1947 pora
401 1863 440 1924 et
456 1851 539 1923 loca
549 1850 733 1946 praefinita
754 1848 924 1938 coeundi,
938 1873 1066 1923 necne.
1120 1849 1349 1939 Secundum,

296 1965 327 2037 si
343 1965 534 2060 reliquerit
551 1964 620 2037 sibi
636 1973 858 2060 potestatem
880 1961 992 2052 illam,
1009 1973 1138 2035 utrum
1154 1963 1352 2060 reliquerit

295 2078 364 2151 sibi
379 2089 603 2174 potestatem
617 2075 860 2150 conveniendi
874 2089 1074 2172 antequam
1087 2087 1234 2173 tempus
1257 2077 1352 2149 illud

295 2192 507 2287 exspiraret,
520 2190 620 2286 quod
632 2189 842 2264 monarcha
856 2190 904 2263 ad
920 2189 1133 2262 habendum
1150 2183 1352 2286 imperium

296 2329 480 2378 summum
508 2305 796 2401 praescripserat.
848 2303 1027 2393 Tertium,
1051 2312 1180 2376 utrum
1212 2327 1354 2376 convo-

295 2419 371 2491 cari
389 2418 545 2492 voluerit
568 2418 616 2492 ad
647 2418 841 2490 arbitrium
863 2417 1072 2490 monarcha
1088 2417 1186 2490 illius
1204 2428 1353 2512 tempo-

296 2532 396 2621 rarii,
425 2543 463 2604 et
489 2556 564 2605 non
595 2532 715 2604 aliter.
778 2530 1035 2626 Supponamus
1060 2531 1138 2625 Jam
1162 2529 1352 2627 populum

291 2645 491 2718 tradidisse
528 2667 700 2717 summum
732 2643 927 2739 imperium
951 2642 1061 2715 alicui
1091 2641 1156 2715 uni
1190 2642 1350 2732 homini,

293 2757 504 2832 habendum
516 2780 584 2854 pro
596 2766 763 2852 tempore
774 2765 920 2828 tantum
931 2755 1018 2828 vitae
1036 2780 1127 2839 suae3
1148 2756 1351 2852 quodcum

290 2871 451 2961 fecisset,
468 2881 640 2968 putemus
657 2870 790 2966 primo,
810 2893 830 2941 e
848 2881 947 2942 coetu
973 2893 1278 2965 unumquemque
1295 2871 1351 2944 ita

294 2985 515 3072 discessisse,
541 2994 585 3056 ut
615 2982 661 3056 de
688 2983 782 3071 loco,
800 2982 865 3054 ubi
891 2993 976 3079 post
1003 2994 1162 3055 mortem
1188 2986 1271 3080 ejus
1300 2985 1370 3058 ad,

294 3122 428 3172 novam
463 3098 681 3172 electionem
715 3106 1039 3192 congregarentur,
1069 3096 1162 3168 nihil
1193 3098 1349 3170 omnino

295 3211 506 3286 ordinatum
534 3213 593 3285 sit.
645 3212 690 3284 In
719 3211 789 3283 hoc
818 3233 905 3282 casu
932 3210 1169 3282 manifestum
1193 3222 1264 3300 est,
1281 3235 1351 3307 per

295 3321 492 3397 articulum
506 3325 676 3420 quintum
690 3324 799 3418 hujus
813 3323 956 3419 capitio,
971 3321 1153 3419 populum
1170 3347 1250 3396 non
1269 3349 1351 3397 esse

295 3439 451 3534 amplius
476 3463 690 3536 perronam,
721 3436 784 3508 sed
812 3435 1087 3509 multitudinem
1114 3436 1350 3526 dissolutam,

295 3577 452 3648 quorum
470 3551 621 3624 cuilibet
639 3575 723 3624 cum
741 3548 963 3645 quibuslibet
977 3548 1175 3621 convenire
1200 3549 1350 3624 diverso

294 3678 472 3761 tempore,
503 3676 542 3737 et
565 3664 647 3736 loco
675 3687 749 3759 quo
776 3662 936 3751 libuerit,
963 3662 1022 3734 vel
1050 3662 1250 3758 imperium
1279 3664 1352 3737 sibi

294 3802 425 3875 rapere
453 3779 484 3851 si
512 3777 686 3875 potuerit,
715 3800 822 3872 aequo
846 3778 942 3872 jure,
969 3775 1144 3848 nimirum
1172 3779 1352 3868 naturali,

294 3892 436 3966 licitum
454 3904 521 3966 est.
575 3891 796 3985 Quicunque
814 3890 929 3985 igitur
954 3889 1157 3962 oronarcho
1173 3891 1243 3964 tali
1261 3915 1353 3966 con-

296 4005 437 4082 ditione
449 4005 643 4100 imperium
656 4004 779 4092 habet,
798 4013 947 4075 tenetur
964 4001 1051 4099 lege
1064 4003 1250 4095 naturali,
1266 4030 1353 4102 quae

294 4118 453 4190 habetur
470 4118 591 4214 capite
608 4116 719 4189 tertio
746 4115 902 4188 articulo
926 4126 1060 4188 octavo
1082 4115 1129 4188 de
1158 4141 1233 4190 non
1260 4119 1353 4192 red-

298 4231 420 4304 dendo
438 4229 536 4303 molo
547 4254 625 4328 pro
648 4229 751 4318 bono,
770 4252 901 4302 cavere
917 4251 966 4300 ne
981 4252 1049 4324 per
1065 4240 1226 4303 mortem
1244 4255 1354 4308 suam
