2904 4912
735 307 921 367 RELIGIO.

676 703 838 776 CAPUT
864 701 985 775 XVII.

424 843 427 854 '
475 866 522 914 nu
549 865 669 938 naono
696 865 758 915 om
785 864 854 914 ran
881 863 1027 913 enorum
1053 859 1191 938 novun.

311 983 337 1038 1.
358 979 502 1036 Vaticinia
514 978 551 1034 de
566 977 672 1035 Christi
694 979 842 1055 dignitate.
884 979 911 1035 2.
931 976 1076 1034 Vaticinia
1089 976 1125 1032 de
1140 975 1251 1034 Christi
1265 973 1359 1030 humi-

346 1071 426 1127 litate
440 1078 469 1127 et
481 1072 620 1145 passione.
653 1075 680 1130 3.
701 1071 802 1130 Jesum
815 1089 875 1128 esse
889 1070 968 1127 illum
980 1069 1135 1128 Christum.
1168 1073 1198 1126 4.
1221 1065 1359 1142 Regnum

347 1161 411 1219 Dei.
425 1180 477 1237 per
496 1169 613 1236 pactum
633 1181 740 1220 novum
760 1181 818 1219 non
839 1181 900 1218 esse
920 1179 1042 1238 regnum
1060 1160 1177 1228 Christi,
1192 1168 1227 1216 ut
1241 1159 1359 1227 Christi,

347 1254 398 1310 sed
412 1261 445 1310 ut
457 1253 524 1310 Dei.
564 1257 593 1314 5.
614 1253 748 1329 Regnum
762 1253 820 1311 Dei
833 1272 886 1329 per
898 1261 1015 1328 pactum
1028 1271 1136 1309 novum
1150 1251 1269 1308 coeleste
1290 1270 1360 1319 asse,

348 1353 378 1402 et
396 1346 523 1420 incipere
543 1365 561 1402 a
581 1346 627 1402 die
643 1344 754 1422 judicii.
795 1349 823 1405 6.
844 1345 986 1421 Regimen
1000 1345 1108 1404 Christi
1128 1344 1158 1399 in
1178 1344 1236 1400 hoc
1252 1343 1360 1399 mundo

349 1454 407 1493 non
417 1435 503 1493 fuisse
514 1437 674 1512 imperium,
686 1437 736 1494 sed
750 1437 908 1504 consilium,
919 1437 979 1493 sive
989 1436 1117 1512 regimen
1130 1453 1184 1511 per
1198 1431 1362 1491 doctrinam

311 1526 314 1530 ’
351 1536 381 1585 et
399 1523 620 1602 persuasionem.
659 1529 688 1590 7.
709 1527 791 1585 Pacti
812 1529 879 1585 novi
902 1529 1042 1603 promissa
1064 1527 1202 1602 utrinque
1227 1544 1360 1602 quaenam

349 1619 416 1675 sint.
456 1619 483 1675 8.
503 1617 597 1694 Leges
618 1637 636 1675 a
654 1619 770 1677 Christo
790 1619 876 1676 nullae
895 1619 1000 1676 additae
1021 1627 1127 1695 praeter
1148 1618 1361 1676 institutionem

351 1709 610 1768 Sacramentorum.
651 1713 680 1770 9.
700 1709 891 1779 Poenitemini,
905 1711 1099 1786 baptizamini,
1119 1729 1204 1766 serva
1216 1711 1361 1778 mandata,

351 1810 381 1858 et
394 1801 500 1857 similes
514 1799 655 1870 formulae,
670 1819 727 1858 non
742 1809 808 1858 sunt
822 1801 910 1878 leges.
952 1805 998 1860 10.
1013 1801 1142 1859 Pertinet
1154 1801 1192 1857 ad
1207 1803 1363 1858 auctorita·

351 1902 409 1950 tem
430 1893 542 1949 civilem
562 1892 690 1960 definire,
705 1892 774 1968 quid
794 1893 831 1949 sit
850 1900 1003 1967 peccatum
1023 1892 1180 1968 injustitiae.
1224 1897 1274 1951 ll.
1296 1893 1363 1951 Per-

351 1985 424 2041 tinet
436 1984 472 2040 ad
486 1985 685 2042 auctoritatem
699 1984 812 2041 civilem
825 1972 953 2052 definire,
968 1984 1038 2060 quid
1052 1983 1197 2042 conducat
1210 1984 1249 2041 ad
1264 2003 1362 2060 pacem

353 2085 383 2133 et
395 2075 589 2134 defensionem
603 2077 735 2134 civitatis.
776 2078 823 2135 12.
845 2076 975 2134 Pertinet
984 2077 1021 2133 ad
1032 2077 1237 2134 auctoritatem
1253 2076 1364 2134 civilem

342 2168 488 2246 judicare,
503 2169 620 2245 quando
639 2187 711 2244 opus
731 2176 783 2237 est,
803 2187 869 2245 quae
890 2168 1070 2226 definitiones
1090 2176 1120 2226 et
1138 2186 1205 2244 quae
1223 2167 1364 2226 illationes

353 2279 429 2318 verae
449 2262 515 2318 sint.
557 2265 602 2320 13.
623 2257 753 2319 Pertinet
773 2261 810 2318 ad
830 2261 957 2318 officium
978 2259 1087 2318 Christi
1111 2261 1218 2318 docere
1237 2260 1363 2324 moralia.

354 2371 412 2409 non
426 2360 459 2408 ut
472 2353 657 2420 theoremata,
671 2352 721 2410 sed
737 2359 770 2409 ut
785 2353 881 2428 leges;
902 2353 1047 2410 remittere
1060 2360 1197 2429 peccata;
1217 2359 1250 2409 et
1263 2353 1365 2410 doecre

356 2444 459 2512 omnia,
474 2462 598 2519 quorum
610 2463 668 2501 non
684 2453 727 2501 est
746 2445 866 2502 scientia
880 2445 996 2520 proprie
1010 2445 1114 2502 dicta.'
1138 2448 1186 2503 14.
1208 2443 1365 2502 Distinctio

356 2537 556 2611 temporalium
578 2555 596 2593 a
618 2536 822 2612 spiritualibus.
863 2540 909 2597 15.
929 2537 1060 2595 Verbum
1079 2537 1138 2595 Dei
1159 2537 1367 2613 quotupliciter

356 2627 541 2704 intelligatur.
582 2633 627 2688 16.
637 2626 704 2684 Non
716 2629 820 2694 omnia,
832 2647 897 2704 quae
908 2629 1051 2686 habentur
1063 2630 1093 2686 in
1104 2628 1257 2704 Scriptura
1271 2629 1367 2694 Sacra,

356 2721 500 2795 pertinere
519 2720 557 2776 ad
577 2738 717 2778 canonem
731 2720 800 2776 fidei
814 2720 992 2779 Christianae.
1034 2722 1081 2782 17.
1101 2720 1235 2778 Verbum
1248 2720 1367 2798 legitimi

355 2812 520 2887 interpretis
535 2810 686 2870 Sacrarum
697 2810 911 2886 Scripturarum
920 2830 981 2868 esse
990 2812 1113 2869 verbum
1125 2811 1193 2870 Dei.
1227 2817 1275 2870 18.
1288 2811 1367 2869 Auc-

357 2904 458 2960 toritas
473 2903 679 2978 interpretandi
700 2903 861 2978 Scripturas
881 2903 982 2960 eadem
996 2911 1046 2972 est,
1068 2921 1132 2980 quae
1156 2903 1367 2961 determinandi

354 2994 426 3052 ‘fidei
446 2996 661 3052 controversias.
703 2999 749 3055 19.
772 2994 910 3051 Ecclesiae
930 2995 1025 3070 plures
1046 2995 1282 3070 significationes.
1321 2997 1367 3054 20.

357 3085 437 3150 Quid
451 3086 489 3142 sit
501 3086 630 3156 eeclesia,
644 3087 691 3143 cui
704 3086 902 3143 attribuuntur
909 3085 985 3162 jura,
1000 3087 1136 3156 actiones,
1147 3095 1177 3145 et
1186 3087 1293 3144 similia
1305 3105 1368 3163 per·

358 3177 474 3234 sonalia.
515 3181 564 3236 21.
585 3178 694 3237 Civitas
708 3177 870 3236 Christiana
884 3177 961 3235 idem
974 3177 1053 3252 quod
1064 3178 1186 3236 ecclesia
1196 3178 1368 3237 Christiana.

358 3271 407 3327 22.
429 3269 529 3327 Plures
542 3270 671 3328 civitates
684 3288 742 3327 non
756 3270 935 3327 constituunt
947 3288 1035 3326 unam
1048 3270 1208 3328 ecclesiam.
1243 3274 1291 3330 23.
1313 3270 1370 3328 Ec·

355 3361 511 3419 clesiastici
531 3362 590 3438 qui.
633 3367 681 3422 24.
703 3361 883 3421 Electionem
903 3362 1161 3420 ecclesiasticorum
1180 3371 1312 3438 spectare
1331 3361 1368 3418 ad

355 3454 519 3520 ecclesiam,
539 3456 782 3512 consecrationem
801 3454 839 3511 ad
858 3460 995 3529 pastores.
1036 3457 1085 3512 25.
1106 3450 1286 3512 Potestatem
1302 3471 1369 3530 pee-

358 3554 425 3602 cata
437 3545 642 3621 poenitentibus
655 3545 827 3614 remittendi,
839 3563 896 3602 non
906 3546 1107 3621 poenitentium
1121 3544 1274 3615 retinendi,
1288 3564 1368 3622 spec·

360 3645 422 3695 tare
442 3637 479 3694 ad
496 3644 639 3712 pastores3
659 3639 709 3696 sed
727 3638 763 3695 de
784 3638 953 3712 poenitentia
968 3636 1129 3714 judicandi,
1149 3639 1187 3696 ad
1209 3639 1369 3697 ecclesiam.

360 3733 410 3790 26.
432 3728 700 3788 Excommunicatio
713 3729 792 3806 quid,
807 3737 836 3786 et
849 3730 878 3785 in
893 3748 965 3805 quos
979 3730 1082 3788 cadere
1095 3748 1153 3788 non
1173 3739 1279 3806 potest.
1319 3732 1369 3786 27.

362 3821 632 3896 Interpretationem
647 3821 803 3896 Scriptnrae
818 3820 980 3896 dependere
1000 3823 1037 3879 ab
1051 3822 1223 3880 auctoritate
1237 3822 1368 3881 ciuitatis.

362 3915 411 3970 28.
433 3910 624 3970 Christianam
645 3914 791 3971 civitatem
812 3911 975 3989 Scripturas
987 3916 1170 3991 interpretari
1192 3916 1299 3974 debere
1317 3932 1370 3990 per

362 4011 491 4079 pastores
503 4003 717 4062 ecclesiasticos.

128 3979 226 4106 SEC'I'i
240 3977 293 4027 111.

125 4092 128 4100 .
192 4056 204 4105 l
222 4087 230 4103 .

112 4123 282 4240 vffi
330 4129 361 4194 l.
388 4121 449 4193 Dn
468 4119 561 4192 Jesu
582 4119 736 4195 Christo
764 4121 956 4196 Servatore
973 4134 1112 4213 nostro,
1131 4123 1195 4219 qui
1213 4145 1370 4221 regnam

114 4233 401 4316 clamamusDei
426 4257 493 4329 per
513 4243 670 4333 pactam
695 4261 832 4312 novum
856 4235 1092 4311 restituturus
1118 4247 1211 4328 erat,
1234 4234 1370 4334 partim
