2864 4924
192 341 247 398 aa
265 339 436 400 oarucrr
456 335 556 398 nouo
575 330 832 414 narratura,
851 340 940 398 aro.
1059 321 1107 406 a?

83 509 139 610 qui
155 507 235 586 fieri
251 517 381 610 potest,
407 519 450 586 ut
474 507 587 586 atella
613 509 707 602 iixra,
738 531 819 608 quae
846 507 994 608 propria
1024 507 1105 584 luna
1144 541 1240 600 ηοω
1256 545 1293 602 u

82 623 321 724 splendentes,
332 635 370 700 et
382 631 576 724 propterea
585 645 686 723 quasa
676 623 856 701 totidem
870 622 963 698 solas
976 623 1103 716 habiti,
1151 624 1291 732 „4⁴

81 763 159 814 anm
176 739 375 816 innumerae
392 737 466 816 sint
489 761 603 840 eaque
629 749 829 839 appareant
854 737 1106 836 magnitudine
1120 765 1194 818 ιιι...
1203 765 1273 812 ιιι.
1414 761 1415 840 j

80 853 180 930 utin
206 863 540 988 unamaompaatm
565 851 679 930 multo
706 863 924 952 apparerent
951 851 1106 952 majores
1119 909 1184 955 μη.
1119 829 1291 942 &itm
1414 845 1415 886 ³

81 991 183 1066 quam
199 977 264 1044 aut
280 967 367 1044 luna
379 969 464 1044 aut
452 991 529 1068 lpse
547 963 613 1060 soi,
627 974 749 1044 tamen
767 989 892 1043 omnes
907 963 1014 1042 simul
1031 960 1197 1044 non'¹¹'¹¹³'
1119 1025 1192 1070 m,
1199 965 1282 1072 'pm
1414 967 1415 972 ’

80 1081 181 1158 modo
199 1105 309 1182 quam
326 1081 390 1178 sol,
409 1083 473 1159 sed
491 1083 601 1160 etiam
614 1079 821 1182 quaminna
837 1093 973 1158 terram
990 1081 1168 1158 multo-³
1119 1095 1168 1212 ff
1169 1089 1307 1204 ‘wrm

80 1195 191 1272 minus
209 1195 405 1274 illustrant
458 1194 529 1274 Cui
547 1193 737 1298 quaestioni
750 1195 961 1296 responderi
970 1206 1106 1295 potest
1174 1169 1187 1218 ‘¹

79 1309 202 1408 primo,
223 1309 322 1409 quod
344 1309 458 1388 stada
478 1311 561 1388 firm
584 1307 736 1408 singulae
762 1331 846 1386 aum
872 1307 939 1384 aab
965 1307 1107 1406 angulis

79 1423 291 1500 acutissimis
303 1423 508 1516 videantur,
521 1423 692 1502 ridentur
704 1423 855 1502 conium
864 1431 1107 1524 propteream

80 1562 218 1614 causam
246 1563 356 1638 quam
384 1563 494 1639 supra
513 1538 607 1638 (cap.
624 1561 668 1614 11.
695 1550 765 1614 art.
785 1537 823 1636 ³)
852 1535 1105 1628 iudicavimus,

79 1665 181 1752 atque
203 1651 251 1730 ob
279 1651 431 1730 eandem
449 1675 595 1728 eausam
613 1647 883 1748 magnitudines
901 1675 1026 1728 aarum
1043 1673 1107 1750 ap-

78 1777 240 1866 parentes
253 1763 429 1842 nonoriri
442 1765 488 1842 ab
501 1765 662 1866 ipsarum
676 1765 862 1842 stellarum
875 1765 1107 1862 angulorum*

79 1905 141 1978 que
174 1880 369 1958 vinealium
409 1879 731 1977 magnitudinibus,
763 1879 828 1956 aad
862 1905 884 1956 a
917 1879 1108 1979 superfluis

78 1993 179 2072 radiis
210 1991 278 2094 qui
303 1993 442 2072 iaciunt
463 2004 505 2071 nt
529 1994 722 2071 videantur
749 1992 910 2095 undique
941 2005 1106 2070 aomatoe.

80 2107 177 2184 Unde
194 2109 241 2184 iit
251 2119 294 2182 ut
311 2107 341 2182 si
359 2117 569 2206 spectantur
580 2131 647 2208 per
664 2105 813 2206 aliquod
828 2108 992 2184 foramen
1010 2107 1108 2208 quod

78 2221 188 2298 minus
219 2223 270 2298 sit
304 2242 414 2321 quarn
448 2219 544 2298 anuli
569 2221 718 2322 pupilia,
746 2221 864 2298 crines
899 2219 952 2300 iili
983 2241 1109 2298 omnes

80 2337 131 2428 (ut
147 2337 184 2413 iu
197 2360 279 2436 cap.
292 2355 338 2430 ιι,
356 2343 471 2430 arti,
486 2335 611 2413 corail.
628 2357 692 2412 111.
711 2348 897 2414 ostensum
915 2335 986 2434 eat)
1000 2337 1108 2412 abra·

77 2449 206 2527 dantur
218 2482 229 2540 ι
258 2449 388 2549 quibua
417 2449 566 2542 abrasis,
594 2449 708 2527 steilae
735 2449 807 2528 illae
838 2449 1004 2550 protinus
1035 2447 1109 2526 dis-

77 2573 198 2662 parant
234 2561 509 2664 reddunturque
552 2560 760 2643 invisibiles.
837 2563 952 2641 Iidem
991 2563 1109 2640 ednas

77 2677 195 2754 abradi
213 2677 327 2754 etiam
344 2674 462 2754 solent
479 2699 544 2778 per
562 2679 692 2754 tubum
718 2679 893 2778 optinum,
921 2689 958 2754 at
985 2701 1030 2754 na
1057 2680 1109 2754 sia

77 2790 216 2886 qnidam
237 2789 420 2868 videbitur
436 2789 542 2868 atella
558 2813 651 2892 pura
667 2801 772 2868 tanta
785 2789 1049 2889 magnitudine,
1068 2799 1110 2866 nt

77 2927 194 2980 amnes
205 2903 316 2980 simul
326 2915 482 3004 aumptre
499 2915 537 2982 et
554 2915 740 3006 conceptue
751 2917 925 3006 tanquam
942 2905 981 2982 in
998 2929 1109 2982 unam

77 3018 214 3094 stellam
259 3019 470 3118 compositu
511 3019 651 3094 discum
692 3019 832 3096 iaciant
865 3019 1110 3118 magnitudini

77 3131 166 3210 lunae
191 3133 269 3210 ullo
296 3133 405 3210 modo
436 3133 761 3232 aequiparandum
788 3157 856 3210 neo
882 3134 912 3208 si
934 3133 1107 3226 iacerent,

77 3247 246 3344 quoniam
264 3247 302 3324 id
324 3271 398 3325 non
424 3249 467 3324 fit
493 3248 571 3324 sina
598 3248 764 3340 artifieio,
789 3271 861 3348 quo
888 3246 976 3324 luna
998 3249 1108 3324 etiam

76 3360 286 3460 amplificari
319 3361 485 3438 similiter
520 3373 653 3460 posset,
692 3361 906 3458 magnitudo
934 3387 978 3438 aa
1000 3387 1108 3460 argu-

77 3475 185 3551 menti
202 3477 298 3566 loeo,
318 3474 417 3576 quod
443 3475 535 3552 disci
555 3476 742 3552 stallanrm
758 3485 974 3576 apparentes
1001 3476 1108 3553 simul

77 3589 208 3688 sumpti
227 3589 328 3666 disco
353 3589 439 3666 solis
460 3601 525 3666 aut
550 3589 646 3670 lunae
671 3591 826 3692 majores
852 3601 949 3682 aunt,
974 3589 1107 3670 adduci

77 3701 191 3780 debet.

122 3818 206 3894 Non
225 3829 311 3894 sunt
327 3819 440 3916 igitur
456 3818 547 3896 disci
565 3818 672 3896 simul
688 3841 814 3898 omnes
831 3817 1017 3896 stellarum
1040 3819 1107 3894 iix-

76 3955 176 4008 amm
207 3943 424 4032 apparentes
452 3935 607 4033 majores
641 3944 839 4034 apparente
870 3935 969 4010 diaco
997 3934 1105 4011 iunae.

78 4045 224 4136 Rursus,
253 4045 412 4124 habeant
441 4048 737 4146 singultantia
770 4048 889 4124 lucem
917 4071 1020 4150 aequa
1045 4075 1107 4126 va-

75 4171 194 4254 getam
212 4183 254 4236 ac
278 4161 354 4259 ipsa
381 4161 446 4256 sol,
473 4161 725 4263 illustrantque
742 4173 878 4240 terram
895 4187 918 4240 a
934 4163 1107 4241 distantia
