2828 4912
280 311 334 364 nu
356 310 551 366 momnis
572 307 835 382 nurmcsms,
854 311 941 364 uro.
1085 291 1134 374 87

87 489 249 577 quantus
266 479 402 556 suffieit
419 479 467 557 ed
484 480 809 557 transmittendum
822 478 945 556 redies
962 477 1001 554 in
1014 476 1135 554 retine
1171 513 1269 566 sm,
1284 513 1322 567 n.

88 593 277 669 coiturosr
304 617 390 668 nem
419 593 586 670 foramen
616 593 704 670 MN
736 593 767 668 si
799 595 918 692 majus
945 594 1046 690 justo
1074 590 1133 682 sit,
1173 589 1316 698 „L

87 704 232 781 orietur
249 705 416 782 eoniruio
434 706 593 798 aradus,
605 707 670 806 qui
682 707 729 783 eb
743 707 823 782 eliis
836 706 985 806 punctis
998 703 1134 802 objecti

88 820 288 895 transitum
301 819 549 896 invenientud
563 821 661 896 idem
673 831 852 918 punctum
868 821 917 914 β;
944 819 1001 896 sin
1014 819 1135 894 minus

84 933 187 1030 justo
230 933 290 1024 sit,
329 932 468 1008 orietur
510 933 728 1026 obscuritas,
762 943 913 1034 propter
947 932 1135 1009 radiorum

89 1045 237 1121 utilium
254 1045 513 1122 exclusionem.

145 1165 202 1234 10.
230 1159 551 1238 Quemadmodum
576 1159 787 1260 teleseopie,
806 1159 974 1256 sugendo
992 1159 1135 1256 magni-
1148 1159 1319 1220 ”mm

88 1271 258 1348 tudinem
276 1273 503 1372 sphaemrum
521 1295 567 1348 ex
590 1273 722 1371 quibus
740 1273 887 1373 dioptru
903 1297 1031 1349 eorum
1049 1225 1320 1348 eon·iiciidiiiiih'ii¹

88 1385 278 1480 ficiuntur,
303 1386 454 1462 meliore
470 1409 615 1486 semper
632 1387 739 1477 fiunt,
765 1410 956 1485 quousque
978 1385 1027 1462 od
1051 1408 1135 1484 per·
1148 1355 1327 1466 mitiis

87 1498 287 1576 isetionem
297 1499 732 1597 mummperveniantmt
745 1499 1136 1578 muterieetnrtiiieum
1147 1485 1327 1542 ‘mmm

90 1635 223 1686 monus
240 1612 393 1688 tendere
407 1613 561 1688 ulterius
578 1637 654 1689 non
672 1613 815 1710 possint
830 1645 840 1698 ;
868 1613 920 1688 ite
933 1636 1080 1712 quoque
1098 1612 1136 1690 in

88 1725 163 1800 hoe
188 1748 325 1822 genere
348 1725 675 1826 mieroseopiorum
698 1726 962 1826 procederetur
991 1725 1137 1824 objectu

89 1838 235 1914 minute
260 1838 519 1938 amplificando
537 1863 603 1938 per
625 1839 773 1936 dioptra
795 1840 944 1937 majoris
968 1839 1135 1939 spiraerae,

88 1951 121 2026 si
139 1961 329 2050 poteretur
346 1953 500 2028 materie
516 1963 554 2030 et
572 1975 714 2044 monus,
734 1953 772 2028 in
796 1953 1003 2038 infinitum
1030 1955 1135 2052 eujus

89 2065 143 2142 rei
155 2065 252 2142 rstio
263 2065 392 2142 eodem
404 2075 472 2156 est,
485 2089 596 2164 quum
607 2065 814 2165 supreinrt.
825 2067 865 2162 4)
881 2066 1134 2165 explicuimus,

88 2201 175 2254 oum
202 2177 437 2276 loqwremur
453 2179 500 2255 de
526 2179 744 2277 teiesoopiis.
796 2180 863 2258 Est
879 2181 978 2256 euim
1002 2180 1136 2258 micro·

88 2290 259 2388 seopium
288 2291 386 2368 idem
417 2293 704 2368 instrumentum
733 2316 819 2366 eum
849 2317 893 2370 eo
923 2292 1135 2390 teleseopio‚

89 2405 198 2502 eujus
216 2415 412 2502 utrumque
430 2404 620 2502 dioptrum
637 2416 694 2480 est
709 2428 926 2482 convexum,
955 2407 1051 2484 Num
1067 2407 1137 2482 hu·

85 2517 252 2614 jusmodi
268 2518 508 2618 telsseopium
520 2519 704 2596 inversum
717 2530 756 2594 et
769 2519 807 2594 iu
825 2521 1001 2616 mojorem
1018 2520 1136 2619 longi-

89 2630 259 2708 tudinem
287 2631 479 2710 diduetum
510 2633 554 2709 fit
580 2632 886 2730 mieroseopium;
926 2643 964 2708 et
993 2643 1134 2727 contro,

89 2744 373 2844 microseopium
398 2745 586 2825 inversum
603 2759 641 2822 et
658 2757 891 2824 contractum
916 2745 960 2822 fit
980 2769 1135 2844 pervum

90 2857 344 2958 teleseopium.

139 2971 234 3047 Tem
264 2971 504 3071 teleseopium
535 2995 646 3070 quem
676 2972 960 3074 mierosoopium
988 2997 1034 3050 ex
1061 2998 1136 3050 uno

91 3083 171 3161 solo
188 3083 339 3182 dioptro
356 3095 527 3160 eonsture
552 3095 697 3185 potesm
724 3110 797 3184 quo
814 3087 846 3162 si
863 3087 1002 3163 utimur
1018 3087 1067 3164 ed
1092 3111 1137 3166 eu

90 3221 174 3294 quse
191 3197 322 3296 proeul
340 3206 426 3273 sunt
442 3197 711 3296 amplificando,
725 3211 872 3296 oportet
889 3211 932 3276 ut
948 3201 1070 3300 portio
1088 3201 1137 3276 sit

91 3311 248 3408 sphaerae
259 3310 366 3386 valde
380 3335 536 3408 magum,
554 3311 754 3410 oculusque
770 3313 817 3388 eb
831 3337 876 3389 eo
893 3313 1136 3392 retrahendus

91 3436 149 3499 est
162 3424 202 3500 in
216 3433 374 3514 motum,
385 3435 428 3500 ut
442 3424 558 3500 multo
572 3425 839 3502 incommodius
849 3426 898 3503 sit
911 3451 1021 3524 quom
1035 3427 1137 3526 quod

90 3539 133 3612 iit
149 3561 199 3614 ex
217 3537 375 3636 dioptris
401 3536 558 3612 duobus.
611 3536 799 3631 Similiter,
817 3563 932 3616 unum
950 3539 1137 3638 dioptrum

89 3651 209 3728 solum
226 3651 320 3728 feeit
345 3660 388 3728 ut
413 3651 599 3748 objectum
622 3651 868 3750 propinquum
886 3653 992 3730 vuldo
1009 3653 1138 3750 augeri

91 3763 284 3850 videaturs
312 3762 379 3840 sed
395 3786 513 3860 neque
530 3773 677 3840 tentum
695 3775 875 3862 quantum
892 3765 967 3841 duo
977 3765 1136 3864 dioptre,

91 3899 212 3974 usque
243 3901 267 3952 o
301 3875 445 3954 motula
478 3876 667 3956 distentis.
730 3878 855 3956 Quare
885 3879 931 3956 de
960 3879 1018 3956 his
1044 3878 1136 3956 nihii

91 3989 248 4088 emplius
266 3988 398 4068 dicem.

552 4218 725 4254 W.-
