2904 4912
255 268 308 320 DE
328 269 470 320 REGNO
492 269 564 320 DEI
585 269 665 322 PER
684 267 852 323 PACTUM
872 272 1038 325 NOVUM.
1095 259 1168 326 407

126 436 253 508 nicnri
269 460 344 510 non
360 447 485 533 potest
499 468 508 522 ;
535 435 593 510 vel
610 436 709 510 enim
726 440 1058 514 excommunicabit
1075 440 1169 536 seip-
1198 473 1294 525 sm,
1309 476 1361 526 111,

125 549 645 646 sam‚quodestimpossibile;
663 550 722 622 vel
735 552 1110 627 encommnnicnbitnr
1123 554 1169 628 ab
1210 551 1353 654 »E-

124 661 208 734 niic
225 662 528 758 ecclesiamque
545 662 604 735 vel
621 662 838 754 uniuersali,
856 666 914 739 vel
919 666 1169 766 particulari.
1183 689 1339 766 mamam.

132 774 367 848 Unioeraciic
393 786 518 850 autem
540 774 714 865 ecclesio,
737 800 820 850 cum
841 802 1013 878 persono
1029 803 1105 853 non
1122 779 1170 852 sit
1182 755 1357 878 3222,OEssss

128 889 188 984 (ut
222 903 411 964 ostensum
445 903 502 964 est
531 890 687 962 articulo
713 892 793 986 22),
820 915 939 990 neque
964 917 1053 990 ergo
1083 898 1226 990 agat¹¹⁰³¹
1240 889 1315 943 ΡΜ

124 1013 190 1077 aut
209 1003 323 1078 faciat
346 1004 553 1100 quicquam,
571 1005 890 1079 excommunicare
906 1007 1091 1080 neminem
1106 1031 1171 1102 po-

123 1127 209 1191 test.
246 1115 505 1190 Particularia
516 1127 640 1188 autem
650 1115 814 1189 'ecclesia
824 1119 1170 1194 encommaniccndo

124 1230 241 1303 aliam
259 1229 457 1303 ecclesiam
474 1228 565 1302 nihil
583 1228 673 1324 agit,
691 1228 783 1301 nihil
806 1241 937 1306 mutat.
1003 1232 1170 1308 Quonim

123 1343 223 1416 enim
241 1344 438 1416 commnnis
455 1366 531 1416 non
549 1353 604 1416 est
628 1352 758 1432 coetuS,
785 1367 911 1418 eorum
926 1347 1169 1422 excommnni-

123 1456 225 1528 catio
236 1479 314 1529 esse
326 1479 401 1530 non
414 1467 558 1552 potest;
576 1479 696 1551 neque
709 1456 740 1528 si
753 1457 915 1531 ecclesia
933 1458 1066 1555 aliqua,
1079 1471 1170 1556 puta

120 1567 460 1666 Jerocoipmitnnc,
480 1568 600 1654 aliam,
621 1579 712 1664 puta
729 1569 945 1656 Romanam,
966 1595 1169 1646 encommn·

121 1681 299 1768 nicaeam,
317 1707 392 1755 non
415 1682 516 1756 illam
545 1682 661 1778 magis
673 1747 676 1754 .
690 1683 1042 1761 excommunicasset
1060 1709 1169 1782 quam

120 1796 290 1891 seipsam.
343 1797 440 1870 Nam
464 1796 526 1891 qui
547 1796 657 1869 aliam
679 1820 746 1868 sua
763 1798 1021 1871 communione
1037 1799 1168 1894 privat,

119 1931 160 1980 se
171 1932 318 2005 quoque
334 1909 457 2004 privat
469 1908 725 1981 communione
743 1908 851 1982 illius.
905 1909 1087 2000 Secundo,
1105 1936 1168 1984 ne-

118 2020 252 2094 minem
260 2046 379 2121 posce
392 2021 557 2095 civitatis
569 2022 731 2117 clicnjna
749 2020 930 2096 abscintae
945 2023 1043 2096 cinea
1059 2023 1171 2098 simni

119 2158 243 2208 omnes
273 2135 601 2224 excommunicare,
628 2134 689 2207 oei
721 2135 940 2232 temptorum
974 2161 1078 2210 rmnm
1109 2137 1171 2210 nei

118 2248 259 2321 cnltnm
275 2247 352 2321 Dei
371 2247 563 2346 pubiicum
591 2246 646 2320 eie
669 2247 908 2321 interdicere.
959 2248 1047 2328 Non
1069 2250 1167 2324 enim

118 2362 431 2435 encommnniccri
446 2371 600 2457 possunt
617 2361 662 2432 ab
675 2360 849 2450 ecclesia,
862 2386 972 2457 quam
988 2363 1059 2458 ipsi
1077 2388 1165 2438 con-

118 2475 301 2559 stituunt3
321 2475 501 2571 siquidem
512 2475 609 2549 enim
623 2474 663 2547 id
674 2474 850 2564 facerent,
869 2500 944 2549 non
962 2475 1073 2549 modo
1090 2500 1165 2552 non

118 2589 293 2679 ecclesio,
312 2588 439 2662 sedne
465 2589 600 2661 civitas
628 2587 776 2683 quidem
796 2598 905 2676 esset,
924 2587 1164 2662 dissolveren-

117 2712 253 2798 turque
266 2725 331 2774 sua
348 2713 478 2797 sponte
494 2734 503 2786 ;
529 2701 569 2774 id
580 2723 667 2774 vero
678 2724 753 2772 non
767 2711 824 2772 est
840 2701 1163 2792 encommnniccri,

117 2839 240 2911 neque
258 2815 447 2888 interdici.
501 2814 613 2889 Quod
639 2814 670 2886 si
688 2815 734 2886 ab
752 2813 825 2886 alia
841 2813 1003 2888 ecclesio
1020 2833 1164 2888 encom-

117 2930 361 3018 mnnicentnr,
391 2927 552 3002 habendi
582 2939 669 3000 sunt
698 2927 751 2999 illi
787 2926 954 3000 ecclesia
987 2937 1163 3023 tanquam

117 3041 269 3115 ethnici.
323 3041 397 3114 Sed
405 3040 584 3129 ethnicos,
595 3063 662 3135 per
679 3038 884 3112 doctrinam
896 3038 1043 3130 Christi,
1061 3040 1163 3112 nulla

117 3154 281 3228 ecclesia
319 3153 539 3226 Christiana
573 3151 768 3247 prohibere
796 3163 931 3247 potest,
958 3153 1046 3248 quin
1073 3176 1161 3226 con-

116 3279 276 3364 gregent
302 3291 341 3340 se
357 3279 400 3340 ‘et
427 3266 525 3340 inter
549 3289 587 3338 se
609 3265 882 3356 communicent,
899 3277 1011 3362 prout
1032 3291 1162 3341 eorum

117 3380 326 3453 civitatibus
352 3379 472 3452 visum
497 3378 630 3462 hierit3
656 3378 862 3473 praescrtim
890 3379 921 3452 si
952 3391 1083 3454 coeant
1114 3380 1162 3454 ad
1261 3427 1266 3438 -

37 3583 41 3590 ἡ
116 3493 313 3567 colendum
332 3493 530 3581 Christum,
543 3515 764 3588 quamquam
776 3491 816 3564 id
831 3492 897 3564 fiat
908 3492 984 3566 ritu
996 3504 1034 3566 et
1051 3492 1161 3566 modo

115 3606 316 3702 singulari:
343 3629 431 3700 ergo
449 3627 567 3700 neque
581 3604 925 3695 encommnnicntor,
946 3607 1008 3701 qui
1024 3616 1067 3678 ut
1080 3605 1161 3677 eth-

114 3719 190 3793 nici
216 3718 401 3792 tractandi
422 3729 521 3790 sunt.
582 3716 721 3806 Tertio,
749 3717 1061 3790 excommunicari
1088 3742 1160 3790 non

110 3856 229 3931 posse
251 3831 478 3929 principem,
498 3830 561 3926 qni
583 3829 696 3902 landet
716 3854 889 3902 snmmnm
911 3829 1076 3902 civitatis
1094 3831 1159 3902 im-

107 3944 272 4043 perinm.
325 3944 455 4038 Neque
483 3944 582 4015 enim
603 3965 670 4037 per
695 3941 901 4014 doctrinam
920 3941 1057 4014 Christi
1074 3944 1159 4018 sub-

115 4059 215 4132 ditus
227 4081 333 4147 unus,
344 4057 402 4130 vel
415 4056 538 4152 plures
552 4055 671 4140 simul,
684 4054 841 4151 principi
855 4079 922 4128 suo
937 4079 1159 4151 quamquam

116 4171 264 4245 ethnico
292 4171 374 4244 loca
403 4169 549 4266 publica
576 4181 638 4241 aut
667 4167 810 4263 privata
837 4166 1067 4256 interdicere,
1096 4181 1158 4244 aut
