2912 4912
358 314 412 366 nu
433 313 562 367 sunau
582 314 804 384 uoutnuu,
824 315 911 368 ure.
1118 302 1186 368 163

140 481 244 577 quod
260 482 363 556 uuila
378 483 499 558 acrius
515 494 693 580 gerantur
711 481 810 557 bella
834 506 945 580 quam
967 481 1066 557 inter
1091 484 1186 580 ejus-
1216 515 1313 570 sacr,
1331 517 1384 568 111,

140 594 229 668 dem
256 597 445 694 religionis
471 609 590 670 sectas
617 607 657 670 et
674 595 850 693 *ejusdem
878 596 1089 693 reipublicae
1109 597 1187 670 iac-
1224 595 1369 700 ss

139 709 277 800 tiones,
303 710 367 784 ubi
394 720 582 784 certamen
611 721 668 783 est
694 708 753 782 vel
784 709 830 782 de
851 709 1030 782 doctrinis
1054 709 1113 783 vei
1140 709 1187 785 de

138 822 342 919 prudentie
352 822 514 920 politica.
567 823 734 921 Cumque
751 823 871 896 omnis
888 821 1002 896 animi
1016 823 1186 920 voluptas

139 937 337 1035 omnisque
353 937 524 1011 alacritas
540 937 580 1010 in
606 960 650 1010 eo
668 936 740 1010 sita
756 936 817 1026 sit,
835 935 936 1034 quod
953 936 1035 1031 quis
1052 937 1186 1013 habeat

139 1050 362 1146 quibuscum
390 1050 582 1123 conferens
610 1071 661 1139 se,
682 1049 801 1146 possit
828 1049 1023 1146 magnifice
1050 1052 1186 1125 sentire

140 1163 187 1238 de
206 1188 246 1238 se
264 1164 368 1260 ipso;
393 1163 618 1260 impossibile
634 1174 691 1237 est
716 1163 805 1259 quin
822 1163 948 1236 odium
965 1175 1004 1237 et
1021 1175 1186 1238 coutem-

139 1289 223 1352 tum
257 1288 429 1350 mutuum
458 1276 655 1350 ostendant
682 1275 879 1373 aliquando
913 1276 972 1350 vel
1005 1276 1093 1366 risu,
1127 1277 1186 1351 vel

140 1390 277 1480 verbis,
307 1389 367 1462 vei
400 1400 519 1486 gestu,
547 1389 606 1463 vel
636 1389 760 1485 aliquo
788 1389 906 1486 signo,
937 1413 1010 1486 qua
1037 1390 1186 1486 quidem

140 1503 245 1576 nulla
278 1504 397 1599 major
425 1502 539 1576 animi
573 1513 629 1576 est
662 1503 842 1594 molestia,
877 1527 997 1601 neque
1031 1527 1077 1578 ex
1112 1529 1186 1601 qua

140 1616 302 1692 laedendi
318 1617 432 1691 libido
449 1619 567 1714 major
584 1617 673 1690 oriri
689 1617 794 1691 solet.

191 1737 228 1803 6.
257 1729 568 1827 Frequentissima
582 1740 708 1802 autem
736 1753 858 1817 cuma,
884 1751 996 1824 quare
1017 1728 1184 1802 homines
1197 1737 1341 1846 *mg*

140 1867 181 1918 se
208 1857 339 1917 mutuo
374 1842 508 1917 laedere
537 1842 701 1940 cupiunt,
730 1866 777 1916 ex
806 1866 850 1916 eo
878 1842 1053 1931 nascitur,
1085 1841 1186 1940 quod
1196 1815 1348 1912 inuam

139 1958 250 2032 multi
282 1958 393 2031 simul
431 1956 586 2032 eandem
618 1981 698 2030 rem
731 1968 920 2053 appetant,
955 1980 1028 2053 qua
1061 1967 1185 2030 tamen

139 2071 343 2170 sepissime
360 2095 479 2168 neque
505 2069 578 2144 frui
604 2070 860 2160 communiter,
878 2093 998 2167 neque
1023 2068 1186 2143 dividere

140 2196 321 2283 possunt;
363 2183 463 2258 uude
498 2183 675 2281 sequitur,
709 2182 854 2256 fortiori
888 2182 1047 2258 dandam
1080 2207 1186 2268 esse;

141 2299 225 2396 quis
238 2309 365 2373 autem
380 2297 512 2372 fortior
528 2298 588 2388 sit,
605 2321 730 2394 pugna
742 2297 985 2394 judicandum
1002 2308 1068 2372 est.

193 2416 230 2496 7.
258 2413 363 2485 inter
378 2421 437 2486 tot
452 2411 616 2508 pericula
642 2411 767 2507 igitur,
786 2434 869 2507 quae
886 2411 1050 2509 quotidie
1076 2435 1099 2483 a
1122 2433 1185 2484 cu·
1200 2423 1374 2534 ὓοῇιἭῑ·

140 2523 300 2622 piditate
316 2525 510 2599 hominum
526 2523 686 2598 naturali
703 2524 903 2620 unicuique
920 2548 1047 2597 eorum
1064 2523 1185 2597 inten-
1198 2495 1279 2550 ‘um

142 2639 297 2728 duntur,
317 2661 446 2711 cavere
460 2637 531 2711 sibi
549 2636 640 2711 adeo
657 2636 940 2734 vituperandum
958 2661 1034 2711 non
1057 2648 1125 2726 est,
1142 2648 1186 2711 ut

141 2753 251 2826 aliter
284 2752 378 2825 velle
412 2751 534 2824 facere
567 2774 644 2825 uon
677 2751 870 2847 possimus.
922 2751 1053 2823 Fertur
1087 2749 1185 2823 enim

142 2866 395 2962 unusquisque
407 2864 456 2939 od
468 2865 733 2961 appetitionem
748 2866 827 2961 ejus
838 2863 938 2961 quod
950 2863 1020 2938 sibi
1035 2863 1185 2953 bonum,

142 2990 182 3053 et
198 2979 391 3076 aufugam
408 2981 486 3076 ejus
503 2978 604 3076 quod
621 2978 691 3053 sibi
707 2978 844 3051 muium
860 2988 930 3068 est,
947 2977 1104 3051 manime
1121 3001 1186 3050 au·

142 3103 221 3167 tem
248 3091 400 3166 maximi
420 3091 600 3165 malorum
628 3091 862 3182 naturalium,
881 3116 963 3189 quae
981 3102 1038 3164 est
1064 3113 1186 3176 mors;

143 3206 256 3304 idque
270 3206 490 3280 necessitato
501 3204 658 3301 quadam
668 3216 811 3280 naturae
821 3229 897 3279 nou
907 3205 1060 3295 minore,
1075 3227 1188 3299 quam

144 3344 217 3417 qua
234 3320 354 3393 iertm
380 3319 473 3415 lapis
500 3319 685 3392 deorsum.
736 3318 824 3393 Nou
851 3319 965 3416 igitur
988 3317 1188 3392 absurdum

144 3455 266 3530 neque
279 3429 624 3528 reprehendendum
639 3454 758 3527 neque
770 3441 900 3505 contra
916 3442 1056 3505 rectam
1073 3429 1187 3504 ratio-

143 3569 230 3619 nem
249 3557 317 3631 est,
342 3545 374 3617 si
392 3544 474 3642 quis
492 3567 639 3618 omnem
656 3567 806 3641 operam
823 3544 898 3636 det,
918 3559 961 3618 ut
977 3569 1001 3618 a
1012 3555 1132 3618 morte
1150 3555 1188 3616 et

144 3659 332 3733 doloribus
359 3657 549 3755 proprium
582 3680 715 3754 corpus
747 3668 785 3731 et
818 3658 982 3734 membra
1015 3657 1189 3732 defendat

144 3782 424 3867 conservetque.
457 3769 994 3846 Quodautemcontrarectem
1007 3772 1188 3845 rationem

144 3910 222 3959 non
235 3897 305 3975 est,
315 3883 357 3957 id
370 3885 470 3980 juste
481 3896 520 3957 et
529 3885 622 3980 jure
638 3884 776 3959 factum
794 3910 920 3959 omnes
934 3885 1071 3959 dicunt.
1112 3884 1188 3957 Ne-

144 4023 216 4097 que
251 3999 351 4072 enim
375 3996 483 4092 juris
510 3999 659 4071 nomine
686 3998 786 4072 aliud
820 3998 1048 4095 significatur
1077 4022 1189 4095 quam

144 4112 307 4202 libertas,
328 4134 438 4207 quam
453 4111 606 4208 quisque
622 4111 733 4185 habet
755 4111 991 4186 facultatibus
1012 4111 1188 4184 naturali-

145 4227 212 4301 bus
239 4225 446 4302 secuudum
474 4235 612 4300 rectam
640 4226 822 4301 rationem
851 4225 993 4299 utendi.
1059 4224 1188 4320 Itaque

1009 4359 1074 4412 Mt
