2876 4908
331 263 403 332 352
759 281 945 368 numero.

131 473 228 526 secr.
244 475 296 526 111.
327 458 510 540 metuunt,
533 448 732 524 sentientes
757 475 833 526 non
856 473 936 526 esse
967 449 1036 525 sibi
1064 449 1154 524 satis
1183 446 1312 522 tutela
1336 447 1365 520 in

144 552 288 656 „IL
328 562 468 659 seipsis.
521 561 717 652 (laterum,
736 575 778 638 ut
806 587 890 636 eum
914 573 1015 638 recte
1038 562 1216 650 colerent,
1245 561 1365 658 imper-

112 677 293 800 ffijffit
327 673 447 750 fectus
463 699 551 750 usus
568 676 721 751 rationis
739 688 777 751 et
795 678 994 752 affectuum
1011 675 1250 750 vehementia
1266 675 1366 750 obsti-

114 807 228 866 mapa
327 797 419 863 tere.
472 789 597 866 Metus
625 803 750 865 autem
774 789 1024 880 invisibilium,
1048 788 1198 886 quando
1227 813 1252 862 a
1278 799 1366 860 recta

113 871 271 922 *mm
326 901 470 976 ratione
488 913 690 1000 separatur,
709 903 922 1000 superstitio
940 915 1009 976 est.
1062 900 1290 976 Hominibus
1307 899 1366 974 ita·

327 1038 411 1110 que,
437 1015 516 1089 sine
533 1015 682 1112 speciali
706 1015 775 1090 Dei
792 1015 942 1106 auxilio,
959 1025 1157 1112 utrumque
1185 1013 1366 1111 scopulum

325 1129 487 1224 effugere
514 1129 735 1204 atleismum
766 1141 804 1204 et
830 1129 1149 1230 superstitionem,
1167 1151 1266 1226 pene
1294 1139 1363 1200 erat

325 1239 577 1336 impossibile:
605 1241 685 1316 haec
711 1242 810 1315 enim
827 1266 850 1316 a
867 1249 970 1314 metu
993 1240 1072 1316 sine
1095 1251 1201 1314 recta
1218 1239 1364 1326 ratione,

327 1352 387 1427 ille
419 1378 442 1426 a
470 1353 635 1428 rationis
665 1355 842 1454 opinions
871 1355 950 1428 sine
983 1365 1085 1430 metu
1114 1353 1364 1452 proficiscitur.

325 1466 526 1542 Maximam
543 1469 669 1566 itaque
685 1480 829 1566 partem
847 1468 1039 1543 hominum
1052 1467 1160 1542 facile
1178 1466 1364 1564 occupavit

325 1579 550 1655 idololatria
560 1608 576 1666 ,·
602 1593 640 1655 et
655 1582 847 1657 coluerunt
860 1582 981 1656 Deum
994 1605 1122 1657 omnes
1135 1604 1233 1678 pene
1246 1591 1364 1678 gentes

324 1694 392 1768 sub
419 1693 647 1792 iraagmibas
670 1706 708 1770 et
724 1695 874 1794 figaris
901 1719 1025 1768 rerum
1051 1695 1255 1784 finitarum,
1273 1717 1364 1791 speo

322 1818 453 1904 traque
478 1807 554 1880 sive
583 1808 854 1904 phantasmata,
872 1807 969 1882 forte
992 1831 1037 1881 ex
1064 1819 1167 1882 metu
1191 1807 1363 1882 daemonia

322 1920 563 2017 appellantes,
576 1921 734 1995 coluere.
775 1921 919 1996 Placuit
936 1934 1061 1996 autem
1075 1920 1222 1994 Divinae
1238 1919 1362 2016 Mejes-
1421 2009 1422 2014 Ἰ

322 2034 405 2124 tati,
422 2033 522 2108 utin
541 2033 707 2108 Historia
724 2034 839 2108 Sacra
855 2032 1035 2131 scriptum
1058 2033 1227 2130 legimus,
1246 2057 1291 2107 ex
1308 2055 1361 2130 ge·

323 2170 412 2220 nere
429 2148 591 2222 humano
604 2171 732 2238 unum,
742 2173 810 2245 per
827 2171 936 2244 quem
954 2146 1002 2220 ad
1014 2171 1144 2221 verum
1161 2146 1218 2220 sui
1233 2147 1362 2220 cultum

323 2259 489 2334 homines
518 2261 750 2359 perduceret,
773 2284 926 2335 evocare
943 2260 1223 2344 Abrahamum;
1251 2258 1302 2332 illi
1329 2281 1361 2330 se

324 2373 651 2470 supernaturaliter
668 2375 852 2460 revelare;
880 2383 1020 2448 etcum
1045 2373 1109 2448 illo
1138 2383 1252 2470 atque
1278 2371 1362 2446 illius

324 2487 462 2560 semine
479 2487 759 2562 celeberrimum
790 2487 881 2562 illud
898 2487 992 2561 inire
1008 2499 1172 2585 paetum,
1193 2483 1291 2584 quod
1307 2507 1361 2580 ap

322 2599 483 2697 pellatur
504 2611 674 2700 pactam,
692 2613 730 2676 et
743 2601 895 2700 scedas,
919 2611 956 2674 et
979 2599 1257 2674 Testamentum
1272 2595 1360 2671 uati·

322 2739 444 2812 qaam.
497 2715 533 2788 Is
550 2714 664 2812 igitur
683 2715 871 2812 religionis
889 2737 985 2788 verae
1003 2723 1114 2810 caput
1131 2722 1211 2796 est;
1238 2713 1268 2786 is
1292 2709 1360 2800 (lo-
1420 2669 1421 2758 l

323 2827 426 2924 sephi
440 2827 568 2925 Antiq.
586 2827 673 2902 lud.
685 2827 747 2901 lib.
763 2849 791 2901 1.
805 2851 884 2924 cap.
897 2827 948 2920 7.)
963 2836 1056 2925 post
1070 2824 1251 2900 diluvium
1264 2846 1359 2898 unam

324 2965 407 3014 esse
431 2939 553 3014 Deum
571 2951 780 3015 creatorem
799 2940 965 3015 uniuersi
985 2939 1136 3039 primas
1155 2939 1302 3012 docuit:
1326 2949 1359 3006 et

324 3055 370 3126 ab
388 3077 432 3126 eo
448 3077 606 3152 regnam
621 3052 698 3126 Dei
709 3078 786 3155 per
797 3064 921 3152 pacta
938 3053 1085 3127 initium
1103 3053 1229 3127 sumit.

112 3169 180 3216 Μ’
196 3170 253 3216 ΞΜ
373 3175 409 3240 2.
436 3166 546 3241 Initio
569 3167 698 3242 mundi
724 3167 894 3264 regnavit
912 3165 1060 3264 quidem
1087 3165 1201 3256 Deus,
1219 3189 1290 3239 non
1305 3185 1355 3236 so

111 3235 298 3360 misia
328 3277 406 3352 lum
424 3279 653 3372 naturaliter,
669 3280 860 3355 sedetiam
878 3305 944 3378 per
953 3289 1124 3378 paetum,
1143 3303 1255 3377 super
1270 3275 1357 3352 Ado·
1419 3339 1420 3356 2

111 3366 274 3476 fflffl
324 3416 426 3466 mum
444 3401 481 3466 et
499 3394 638 3478 Evam;
664 3404 707 3467 ut
724 3392 893 3467 videatur
910 3393 1050 3468 nullam
1066 3392 1225 3466 voluisse
1243 3387 1355 3466 obedi-

109 3497 253 3554 '¹¹¹'⁶'³⁰“²¹¹²·
324 3507 464 3581 entiam
490 3507 656 3604 praestari
683 3507 763 3599 sibi,
780 3518 917 3604 praeter
947 3507 1045 3580 illam
1073 3529 1185 3604 quam
1213 3505 1357 3580 dictaret

323 3621 419 3695 ratio
437 3620 627 3710 naturalis,
642 3621 712 3694 nisi
727 3644 805 3720 per
820 3631 984 3720 pastam,
1003 3619 1125 3709 idest,
1144 3619 1354 3717 exipsorum

323 3735 515 3810 hominum
538 3759 731 3809 consensu.
784 3734 970 3810 Quoniam
988 3745 1111 3807 autem
1122 3743 1279 3830 paetum
1295 3731 1354 3804 hoc

322 3849 446 3924 statim
473 3847 620 3922 irritum
636 3848 776 3922 factum
794 3859 861 3938 est,
885 3870 1006 3945 neque
1031 3869 1195 3944 unquam
1211 3856 1291 3942 post
1306 3863 1355 3914 re·

322 3975 510 4052 novatum,
527 3985 603 4036 non
627 3974 685 4036 est
710 3961 797 4035 inde
814 3961 926 4060 regni
944 3960 1025 4050 Dei,
1044 3959 1090 4032 de
1108 3983 1181 4056 quo
1199 3956 1353 4032 hocloco

322 4075 477 4171 agimus,
501 4074 717 4149 deducenda
741 4075 857 4172 origo.
911 4075 995 4148 Hoc
1022 4087 1146 4148 tamen
1164 4073 1279 4146 obiter
1295 4093 1352 4142 no-

323 4188 487 4282 tandum,
505 4199 692 4286 praecepto
710 4189 773 4264 illo
791 4189 837 4264 de
851 4213 926 4264 non
938 4185 1165 4263 comedendo
1179 4185 1224 4262 de
1235 4185 1350 4263 arbore
