2904 4916
289 270 362 338 290
699 282 927 336 mersurum.

95 483 190 533 secr.
205 484 257 535 111,
338 458 373 522 6.
391 449 512 546 Vulgo
523 449 812 545 docetur,fldem
826 460 863 526 et
873 449 1116 526 sanctitatem
1127 473 1199 524 aon
1210 449 1339 524 studio

107 560 248 665 „IL
288 573 327 636 et
344 562 493 639 ratione
516 561 687 638 naturali
710 564 874 662 acquiri,
892 565 963 638 sed
986 587 1136 663 semper
1153 586 1341 662 superna-

80 687 258 732 Filemetsanc·
289 675 469 748 turuliter
486 675 692 750 homicidae
718 675 867 773 irffuadi
890 677 951 752 nel
973 671 1172 775 inspirari.
1227 675 1341 750 Quod

79 752 162 796 titutem
172 766 217 796 non
227 757 271 796 stu·
308 789 316 804 ‚

80 817 239 894 uoafaeone
290 811 460 862 s1verum
477 798 584 877 esset,
602 812 679 861 non
692 788 800 862 video
819 813 931 885 quare
949 789 1131 865 rationem
1148 787 1236 862 fidei
1255 811 1340 862 nos-

79 882 279 1004 ζξῗῗζζθζᾝῗ
290 913 359 976 trae
377 901 531 1002 reddere
545 901 770 996 juberemur,
788 912 929 976 auteur
942 901 973 975 is
988 926 1064 975 non
1082 902 1130 975 sit
1142 901 1340 997 propheta,

80 1011 260 1133 ffiffilffl
293 1014 455 1111 quisquis
473 1038 557 1088 vere
583 1014 813 1088 Christianus
837 1026 917 1099 est;
942 1028 1007 1088 aut
1034 1014 1206 1110 denique,
1226 1039 1341 1111 quare

80 1140 159 1184 ditor
176 1141 255 1198 uenio·
292 1152 367 1202 non
377 1127 629 1223 unusquisque
643 1128 732 1223 quid
744 1127 955 1202 faciendum
969 1138 1006 1201 et
1020 1128 1110 1223 quid
1121 1127 1342 1223 fugiendum

292 1241 361 1313 sibi
376 1240 435 1328 sit,
450 1263 495 1313 ex
507 1240 654 1336 propria
666 1241 788 1336 potius
801 1240 1053 1336 inspiratione,
1066 1264 1175 1336 quam
1187 1264 1234 1314 ex
1248 1265 1342 1336 prae-

294 1352 409 1449 ceptis
439 1352 699 1448 imperantium
733 1362 798 1426 aut
827 1365 928 1426 recta
958 1353 1102 1427 ratione
1127 1353 1341 1428 aestimaret.

293 1466 449 1541 Reditur
475 1466 589 1562 igitur
616 1466 664 1540 ad
691 1467 940 1565 cognitionem
963 1467 1159 1565 privatam
1189 1466 1278 1540 boni
1306 1477 1344 1541 et

293 1580 395 1668 muli,
414 1604 495 1675 quae
523 1578 677 1652 concedi
702 1604 779 1652 non
804 1589 927 1675 potest
951 1580 1029 1653 sine
1057 1579 1251 1652 civitatum
1269 1580 1343 1660 dis-

294 1692 488 1766 solutione.
521 1690 656 1788 Opinio
674 1692 753 1765 haec
768 1691 860 1765 adeo
871 1692 947 1764 late
959 1714 1026 1787 per
1044 1692 1173 1766 orbem
1187 1691 1344 1766 Christi-

295 1829 406 1879 anum
424 1805 556 1878 diffusa
567 1815 634 1893 est,
647 1816 689 1876 ut
706 1827 880 1876 numerus
893 1813 1181 1900 apostataruma
1198 1804 1345 1880 ratione

294 1918 453 1991 naturali
480 1940 573 2014 pene
597 1917 762 1990 infinitus
780 1917 837 1989 sit.
891 1917 991 1990 Nata
1004 1929 1129 1994 autem
1147 1928 1205 1991 est
1223 1918 1271 1991 ab
1290 1918 1345 1990 iu-

296 2030 392 2104 sanis
410 2030 631 2119 hominibus,
645 2030 719 2125 qui,
732 2029 1004 2124 Scripturarum
1026 2030 1185 2106 lectione
1199 2031 1346 2127 copiam

295 2144 491 2216 verborum
514 2165 701 2216 sacrorum
718 2142 830 2230 nacti,
849 2142 903 2214 ita
920 2165 964 2214 ea
981 2143 1238 2218 concionando
1258 2168 1346 2218 cou-

295 2268 443 2329 nectere
457 2256 553 2329 soliti
564 2268 661 2345 sunt,
673 2267 716 2328 ut
729 2279 856 2329 eorum
868 2255 996 2344 oratic,
1010 2256 1102 2328 nihil
1119 2256 1345 2352 significans,
1446 2251 1447 2272 ³

296 2368 474 2464 imperitis
492 2379 616 2441 tamen
633 2368 842 2442 hominibus
861 2367 986 2441 divina
996 2368 1177 2443 videatur.
1232 2371 1347 2467 Cujus

298 2483 395 2556 enim
412 2482 506 2555 ratio
519 2482 630 2571 nulla,
644 2481 763 2555 oratio
777 2481 902 2554 divina
914 2493 1077 2578 apparet,
1092 2484 1123 2556 is
1136 2484 1346 2560 necessario

298 2594 472 2669 divinitus
489 2595 674 2669 videbitur
690 2595 900 2690 inspiratus,

87 2721 278 2778 civibmsinsuls
349 2711 384 2792 7.
413 2709 578 2804 Septima
590 2707 802 2782 civitatibus
816 2706 970 2780 adversa
983 2707 1154 2782 doctrina
1167 2721 1239 2794 est,
1258 2710 1348 2784 ciui-

87 2801 277 2927 ἷιῗιῗῖἷᾞήῖῗζ
300 2819 366 2896 bas
378 2822 543 2924 singulis
556 2845 684 2894 euram
700 2844 835 2910 reram,
855 2845 950 2918 quea
964 2822 1180 2919 possideret,
1197 2822 1312 2896 absol*
1333 2859 1348 2869 -

87 2917 281 3033 ffifflosssffl'
300 2945 376 3009 tunt
392 2959 475 3008 esse
492 2934 688 3008 duranium
700 2961 713 3005 .·
745 2934 816 3007 hoc
837 2946 906 3023 est,
920 2935 1203 3032 proprietatem
1222 2937 1347 3024 talem,
1444 3003 1445 3044 ἰ

88 3046 189 3091 “lilim“
208 3046 286 3104 ΨΜ
301 3072 383 3144 quae
397 3050 457 3144 jus
474 3058 691 3121 caeterorum
709 3046 884 3135 omnium,
902 3071 978 3120 non
995 3047 1105 3121 modo
1124 3050 1348 3138 concivium,

300 3161 365 3236 sed
376 3161 486 3235 etiam
498 3162 611 3257 ipsius
626 3159 783 3233 civitatis
794 3159 991 3238 ineasdem
1001 3184 1060 3234 res
1073 3161 1252 3237 excludit.
1306 3161 1349 3235 ld

300 3274 400 3371 quod
416 3299 544 3354 verum
571 3285 740 3348 nonest.
793 3274 890 3347 Nam
908 3274 970 3369 qui
989 3274 1172 3348 dominam
1194 3275 1349 3362 habent,
1443 3327 1444 3332 ,

301 3387 497 3462 coartatum
523 3412 597 3461 non
622 3388 772 3492 liabent,
791 3397 833 3460 ut
856 3387 1052 3482 probatum
1069 3399 1125 3462 est
1142 3391 1266 3486 capite
1288 3414 1349 3463 oc-

299 3512 396 3596 tavu,
408 3500 563 3574 articulo
579 3499 718 3597 quinto.
747 3498 883 3573 Civitas
894 3510 1019 3572 autem
1032 3500 1167 3574 civium
1181 3502 1349 3576 omnium

300 3613 449 3687 domina
465 3626 532 3703 est,
548 3637 593 3687 ex
616 3613 890 3688 constitutione.
942 3613 1041 3686 Ante
1059 3627 1275 3711 susceptum
1289 3618 1350 3713 ju·

299 3751 388 3824 gum
415 3726 533 3817 civile,
554 3727 691 3800 nemini
708 3736 800 3799 erat
829 3725 1022 3822 quicquam
1045 3727 1153 3821 juris
1173 3730 1349 3829 proprii,

301 3841 424 3914 omnia
449 3841 618 3915 omnibus
645 3840 846 3914 communic
874 3849 989 3914 erant.
1041 3840 1111 3914 Dic
1128 3865 1231 3938 ergo,
1249 3842 1350 3916 unde

301 3954 370 4028 tibi
380 3955 608 4054 proprietas
633 3955 725 4043 haec,
743 3952 815 4026 nisi
832 3977 854 4026 a
871 3952 1047 4027 civitate?
1101 3953 1210 4028 Unde
1224 3967 1349 4030 autem

303 4067 455 4156 civitati,
469 4068 539 4142 nisi
550 4067 650 4164 quod
659 4067 908 4163 unusquisque
921 4068 982 4162 jus
993 4090 1099 4140 suum
1110 4067 1149 4140 in
1160 4067 1349 4144 civitatem

304 4181 573 4254 transtulisset?
626 4182 673 4254 Et
690 4194 733 4253 tu
750 4203 838 4275 ergo
855 4190 961 4252 tuum
976 4180 1034 4274 jus
1045 4179 1187 4254 civitati
1201 4205 1350 4279 quoque
