2912 4912
431 293 641 348 namrarro
660 296 714 348 an
734 295 954 350 anoronns.
1191 279 1258 346 145

138 493 220 568 cilia
246 493 293 568 de
324 517 467 568 summa
489 497 700 594 reipublicae
720 507 880 589 vocatos,
904 495 1096 594 justitiam,
1117 495 1259 593 imperii

136 645 269 720 summi
298 669 461 720 sororem
491 651 763 746 etconjugem,
788 649 965 746 subjicere
995 671 1070 722 suae
1099 647 1260 744 ipsorum

135 795 337 894 cognitioni
360 821 504 894 cupere,
523 811 697 874 caetemm
708 857 712 865 .
722 798 850 874 falsam
867 807 906 872 et
921 798 1066 872 inanem
1082 799 1160 894 ejus
1177 821 1258 896 spe-

135 947 229 1021 ciem
256 949 360 1044 quasi
386 948 520 1022 nubem
542 948 803 1046 amplexantes,
822 948 994 1046 dogmata
1014 950 1078 1024 illa
1101 948 1258 1046 philoso-

134 1099 293 1195 phorum
314 1099 506 1174 moralium
532 1099 712 1190 biformia,
736 1101 872 1198 partim
898 1113 999 1177 recta
1025 1113 1063 1176 et
1085 1099 1258 1198 speciosa,

135 1245 272 1340 partim
297 1245 407 1318 bruta
435 1256 473 1320 et
497 1245 625 1332 ferina,
655 1246 817 1322 rixamm
846 1249 1008 1322 omnium
1035 1259 1072 1322 et
1103 1245 1258 1322 caefflum

136 1418 276 1484 causas,
294 1395 472 1492 genuisse.
524 1395 620 1468 Cum
642 1395 734 1470 tales
760 1395 872 1494 igitur
894 1397 1081 1496 opiniones
1098 1394 1265 1494 quotidie
1363 1409 1367 1418 '

134 1544 313 1634 oriantur,
341 1543 475 1640 siquis
501 1541 710 1618 discusserit
735 1543 851 1620 nubes
875 1545 966 1636 illas,
987 1545 1259 1640 rationibusque

135 1690 351 1766 firmissimis
384 1689 584 1765 ostenderit
612 1689 799 1768 doctrinas
833 1693 879 1768 de
908 1695 1008 1791 justo
1040 1704 1079 1769 et
1115 1693 1261 1791 injusto,
1360 1673 1365 1688 ⁸

135 1845 233 1919 bono
252 1854 292 1917 ct
306 1843 414 1933 malo,
439 1851 573 1940 prater
601 1840 700 1940 leges
719 1843 758 1918 in
775 1867 994 1942 unaquaque
1011 1845 1157 1920 civitate
1173 1868 1262 1940 con-

137 1995 295 2084 stitutas,
312 1991 541 2067 authenticas
564 2013 643 2064 esse
668 1991 799 2082 nullas,
817 2003 856 2067 et
881 2003 1005 2068 utrum
1025 1993 1147 2091 aliqua
1159 1995 1259 2086 actio

133 2149 233 2246 justa
249 2147 309 2220 vel
324 2145 471 2242 injusta,
487 2142 585 2217 bona
600 2142 658 2216 vel
674 2143 771 2217 mala
786 2143 913 2219 futura
928 2146 988 2234 sit,
1005 2171 1029 2222 a
1044 2147 1187 2220 nemine
1204 2147 1259 2220 in-

137 2293 356 2393 quirendum
376 2315 476 2390 esse,
510 2303 755 2388 praeterquam
788 2293 908 2368 abiis
938 2294 985 2370 ad
1014 2318 1105 2392 quos
1136 2295 1269 2394 legum

137 2471 286 2520 suanum
318 2441 655 2541 interpretationem
688 2440 972 2536 demandaverit,
1002 2445 1033 2520 is
1060 2456 1158 2520 certe
1184 2468 1260 2521 non

137 2603 246 2677 modo
264 2601 364 2701 pacis
381 2600 477 2674 viam
494 2598 631 2695 regiam
656 2595 845 2670 sedetiam
863 2597 1049 2674 seditionis
1075 2625 1206 2697 opacas
1223 2609 1261 2674 et

137 2753 350 2828 tenebrosas
376 2748 523 2824 semitas
540 2747 850 2835 commonstrabit,
874 2771 946 2844 qua
962 2771 1002 2822 re
1018 2749 1144 2824 utilius
1169 2749 1260 2825 nihil

140 2903 342 3002 excogitari
356 2911 489 2998 potest.

186 3053 298 3132 Quod
315 3053 448 3127 attinet
472 3050 519 3124 ad
543 3049 767 3139 methodum,
786 3073 860 3122 non
885 3051 1058 3124 oratioms
1083 3052 1258 3143 ordinem,

137 3228 358 3302 quamquam
384 3202 598 3300 conspicuus
623 3199 684 3274 ille
713 3199 772 3288 sit,
801 3199 918 3274 solum
946 3201 1120 3292 sufficere,
1145 3203 1262 3292 seda

137 3353 294 3430 civitatis
318 3353 472 3427 materia
492 3350 749 3448 incipiendum,
770 3348 902 3424 deinde
918 3350 965 3424 ad
989 3351 1260 3448 generationem

137 3517 175 3579 et
190 3505 348 3578 formam
365 3505 454 3600 ejus,
472 3513 510 3574 et
530 3500 682 3598 justitia
703 3499 879 3596 originem
902 3500 1058 3596 primam
1072 3500 1260 3599 progredi-

137 3654 273 3728 endum
286 3675 364 3726 esse
374 3649 586 3724 existimavi.
612 3649 709 3723 Nam
720 3672 765 3722 ex
778 3648 907 3744 quibus
919 3649 1027 3722 rebus
1039 3671 1260 3746 quaequeres

137 3803 383 3892 constituitur,
396 3825 441 3875 ex
457 3800 586 3875 iisdem
599 3799 710 3872 etiam
723 3797 859 3896 optime
872 3799 1112 3894 cognoscitur.
1156 3797 1260 3896 Sicut

137 3951 234 4024 enim
260 3949 299 4022 in
323 3947 512 4044 horologio
537 3955 722 4020 automato
743 3946 858 4020 aliave
883 3946 1050 4020 machina
1065 3947 1257 4047 panlolim-

137 4097 337 4193 plicatiore,
364 4094 462 4192 quod
486 4095 534 4168 sit
559 4095 733 4191 cuiusque
759 4092 872 4190 partis
901 4105 1064 4190 rotaeque
1089 4093 1257 4194 officium,

137 4246 206 4321 nisi
219 4244 448 4336 dissolvatur,
462 4244 689 4342 partiumque
706 4243 868 4334 materia,
881 4244 1009 4354 figura,
1023 4257 1143 4316 motus
1160 4266 1258 4342 seor-

236 4414 329 4466 von.
349 4413 394 4464 ιι.
1133 4415 1156 4465 1,
