2828 4912
96 515 191 574 SEC'I'.
208 517 245 572 n.

99 593 240 700 ...ιι

286 302 354 374 132
671 319 724 374 on
744 269 925 374 nummu.

281 484 350 564 Dei
377 485 564 582 regnantis
593 509 784 584 personam
819 488 997 584 gerebant
1031 487 1149 584 primo
1182 485 1305 568 Moses,

281 597 412 674 deinde
427 599 608 690 Christus,
623 611 660 676 et
678 625 789 690 nune,
802 613 999 700 postquam
1013 600 1071 674 die
1083 600 1305 674 Pentecosten

282 712 438 810 Spiritus
450 713 649 790 Sanctusin
661 715 844 814 apostolos
854 715 1044 796 risibiliter
1055 711 1305 796 descendisset,

282 827 446 916 aeclesia,
478 827 600 904 idest
631 829 793 905 eeclesiae
823 830 861 906 in
889 829 990 904 omni
1018 827 1166 903 civitate
1197 835 1307 901 rector

282 961 453 1016 summus.
507 940 631 1016 Habet
655 965 743 1038 ergo
769 943 808 1020 in
836 942 1004 1016 omnibns
1031 940 1201 1036 gentibus
1218 937 1308 1012 Deus

280 1053 536 1150 possessiones,
554 1077 655 1128 more
683 1055 886 1144 hominum,
913 1065 1041 1142 terras,
1061 1055 1157 1150 jura,
1182 1059 1218 1124 et
1245 1050 1310 1124 alia

281 1165 384 1242 bona·
406 1189 482 1256 sua,
510 1191 641 1266 nempe
669 1169 738 1243 sibi
765 1179 986 1245 consecrata.
1041 1165 1114 1242 Sed
1136 1166 1216 1240 hoec
1242 1187 1308 1238 non

283 1278 354 1356 nisi
371 1280 520 1356 civitate
548 1281 759 1358 constituta.
810 1282 902 1356 Cum
928 1282 1028 1356 enim
1055 1279 1224 1355 voluntas
1248 1275 1309 1350 Dei

181 1447 185 1458 -
282 1393 353 1470 nisi
370 1417 436 1493 per
452 1395 638 1471 civitatem
663 1420 736 1471 non
754 1407 1010 1492 cognoscetur,
1029 1392 1237 1490 requiratur
1254 1414 1310 1464 au·

73 1977 190 2026 Personam
200 1979 237 2026 ha·

72 2044 123 2088 hore
137 2045 228 2102 intelligi

283 1519 358 1584 tem
377 1507 547 1588 voluntas
576 1509 684 1598 illius,
703 1511 765 1606 qui
792 1517 1096 1606 repraesentatum·
1115 1517 1160 1579 ut
1186 1503 1310 1578 author

282 1621 330 1700 sit
355 1620 540 1698 actionum
558 1645 648 1719 quas
664 1621 805 1698 faciunt
831 1621 884 1696 illi
909 1646 932 1696 a
957 1620 1088 1720 quibus
1117 1641 1310 1716 repraesen-

283 1744 393 1825 tatur,
421 1757 569 1812 neeesse
586 1747 701 1812 estut
727 1759 883 1832 persona
909 1736 975 1809 fiat
1001 1756 1068 1832 per
1092 1732 1311 1806 voluntatem

284 1847 455 1924 civitatis.

333 1969 369 2038 4.
383 1961 503 2036 Etiam
517 1962 570 2036 rei
581 1961 790 2036 inanimatae
800 1985 957 2060 persona
966 1967 1190 2056 essapotest,
1201 1956 1237 2032 id
1250 1967 1311 2044 est,

72 2122 87 2166 p
88 2123 137 2152 uuuuu
139 2109 262 2154 usuram
284 2074 527 2172 possessiones
553 2086 591 2148 et
610 2075 681 2151 alia
696 2075 794 2150 bona
815 2075 962 2162 habere,
980 2085 1018 2147 et
1028 2074 1111 2170 jure
1129 2093 1238 2166 agere
1255 2094 1314 2168 po

72 2175 271 2234 P'“'¹⁰'¹¹⁰¹¹¹¹'¹⁰”⁰·
284 2197 377 2284 test,¹
387 2198 430 2262 ut
446 2188 634 2286 templum,
651 2212 744 2287 pons
769 2189 828 2262 vel
844 2187 916 2262 alia
936 2210 994 2261 res
1014 2209 1254 2284 quaecunque,
1271 2181 1313 2258 ad

285 2301 389 2397 cujus
406 2301 719 2376 conservationem
736 2301 940 2399 sumptibus
958 2322 1049 2398 opus
1067 2309 1133 2374 est.
1172 2299 1220 2372 Et
1236 2319 1313 2395 per·

283 2437 410 2489 sonam
428 2414 505 2510 ejus
522 2426 651 2510 gerent
673 2427 861 2489 curatores
888 2437 911 2487 a
939 2413 1087 2486 civitate
1117 2409 1314 2494 constituti,

282 2539 325 2601 ut
342 2552 423 2624 quae
449 2527 674 2602 voluntatem
696 2552 771 2602 non
798 2527 910 2602 habet
936 2539 1070 2624 praeter
1092 2521 1314 2603 voluntatem

283 2641 452 2718 civitatis.
808 2709 813 2720 ,
1403 2651 1404 2658 ’

333 2753 555 2854 Hujusmodi
588 2763 710 2830 autem
743 2752 935 2828 fictionum
969 2751 1048 2850 quis
1083 2751 1131 2824 sit
1164 2773 1251 2824 usus
1281 2748 1314 2822 in

283 2868 442 2956 civitate,
464 2869 535 2962 (est
557 2881 680 2942 autem
698 2867 906 2960 maximum)
927 2865 1090 2941 dicemus
1108 2863 1314 2956 insertione

282 2983 494 3077 tertiaque
507 2980 635 3054 estDe
649 2978 748 3054 Cice.

334 3095 554 3190 Quanquam
584 3093 681 3186 leges
708 3091 893 3166 naturales
927 3091 1113 3166 hominem
1139 3100 1315 3189 quatenus

283 3207 470 3282 hominem
495 3205 708 3302 respiciunt,
744 3205 789 3278 de
823 3203 893 3276 illis
922 3215 1059 3293 tamen,
1084 3202 1154 3276 nisi
1172 3214 1212 3277 ut
1231 3225 1314 3274 eon-

284 3320 449 3396 tinentur
467 3319 627 3394 inbonis
654 3317 829 3405 moribus,
858 3316 1081 3390 mentionem
1098 3316 1137 3390 in
1155 3315 1223 3390 hae
1241 3339 1315 3388 sec·

284 3433 386 3508 tione
404 3456 477 3506 non
494 3431 657 3506 fecimus.
700 3430 773 3504 Sed
789 3428 875 3528 quia
892 3429 961 3504 nisi
986 3430 1126 3524 legibus
1148 3428 1315 3518 ¹civilibus

285 3559 322 3620 et
352 3555 536 3642 potestate
566 3542 759 3618 coercendi
788 3541 1105 3640 praeexistentibus
1135 3539 1314 3616 observari

284 3684 360 3736 non
389 3666 552 3758 possunt,
580 3656 625 3732 de
652 3654 723 3731 illis
749 3664 792 3729 ut
818 3653 864 3729 de
886 3654 1028 3750 legibus
1045 3656 1083 3730 in
1097 3655 1224 3731 eadem
1242 3678 1314 3728 sec·

285 3773 386 3850 tione
402 3772 512 3850 tertia
529 3770 617 3848 satis
635 3769 805 3868 ampliter
823 3767 1050 3844 disseremus.
