2896 4914
256 295 310 350 nn
331 296 435 349 ioco
456 297 628 350 osiac'rr
648 295 906 364 aeeannnnn,
926 293 1015 347 nnc.
1108 279 1155 346 55

114 471 170 535 θεῖ
187 485 260 558 quo
285 461 421 558 objecti
446 461 592 536 termini
617 461 696 552 Η,Ι
722 461 910 558 propiores
938 471 1024 536 sunt
1043 471 1155 536 rectae
1190 493 1287 546 saca,
1307 493 1344 546 n.

113 578 145 649 A
160 577 201 663 C,
216 586 253 649 et
271 599 315 648 eo
334 575 453 648 minor
471 600 543 671 quo
562 586 648 648 suut
666 576 713 648 ab
732 600 775 648 ea
792 575 1018 664 remotiores,
1036 574 1154 650 donec
1197 571 1340 678 »L

112 688 265 764 tandein
281 688 432 763 remotis
449 689 519 762 illis
536 689 701 764 terminis
715 688 753 762 in
770 689 954 762 inlinitum
972 689 1155 762 evraneseit
1167 711 1239 786 oculo
1249 715 1368 790 potata

112 803 150 875 in
167 812 308 898 puncto
334 803 374 892 F,
399 813 508 876 erunt
534 825 660 876 eorum
687 801 864 898 imagines
886 801 924 874 in
941 801 1051 876 rectis
1069 803 1152 892 FO,
1167 779 1367 886 ssffllffilhssllf

114 917 189 992 Fu
218 916 341 990 ductis
368 916 416 990 ad
441 917 473 990 Ο
504 927 542 990 et
575 917 617 990 G.
671 915 764 988 Cum
790 915 904 1010 igitur
932 927 1153 1011 punctorum
1166 906 1358 1020 ffiffl'*

113 1055 241 1105 eorum
264 1030 444 1128 imagines
473 1053 616 1127 semper
643 1029 755 1103 etiam
780 1029 926 1104 suntin
957 1028 1153 1104 visualibus

112 1146 194 1234 EL,
212 1145 305 1236 ΕΚ,
323 1155 433 1219 crunt
448 1146 488 1218 in
504 1145 592 1242 ipsis
609 1142 942 1231 intersectionibus,
965 1167 1097 1239 nempe
1115 1143 1154 1218 iu

112 1259 196 1333 Let
213 1260 259 1332 m
304 1258 433 1354 Itaque
444 1257 578 1356 objecti
592 1255 629 1330 H
642 1257 659 1331 l
673 1257 776 1332 locus
790 1279 969 1354 apparens
983 1255 1153 1334 inventus
1243 1347 1247 1354 Ι

113 1385 177 1465 θεῖ,
195 1375 289 1458 LR3
317 1373 514 1470 quoderat
531 1373 752 1446 faciendum.

160 1492 195 1572 7.
222 1489 280 1562 Ex
292 1486 348 1574 iis,
369 1511 451 1585 quae
464 1497 645 1584 praesente
662 1486 783 1584 capite
800 1497 839 1562 θῖ
852 1485 969 1560 tribus
987 1485 1152 1583 proxime

111 1601 404 1698 praecedentibus
417 1601 462 1675 de
477 1601 558 1675 loco
568 1600 706 1697 objecti
715 1611 914 1696 apparente
931 1599 1152 1676 inveniendo

112 1716 247 1792 tradita
273 1726 371 1805 sunt,
387 1714 643 1789 universaliter
659 1713 899 1810 pronuntiare
915 1713 1013 1801 licet,
1030 1712 1152 1788 locum

112 1831 212 1904 illum
242 1852 387 1926 semper
412 1827 570 1903 inveniri
595 1827 634 1900 in
664 1825 825 1900 sectione
853 1850 1001 1900 crumm
1026 1827 1151 1922 anguli

113 1943 314 2041 cujusdam,
350 1944 454 2038 cujus
480 1941 657 2016 verticem
685 1941 947 2036 appellavimus
973 1955 1151 2036 punctum

111 2057 376 2132 evanescentia
396 2057 540 2154 (inquo
558 2055 698 2130 scilieet
723 2054 879 2150 uugvrlus
895 2053 1051 2128 visorius
1076 2079 1151 2152 prae

113 2172 313 2269 exiguitate
326 2171 525 2266 evanescit)
542 2195 627 2244 cnm
640 2168 745 2243 lincis
754 2168 955 2244 visualibus
967 2168 1005 2242 iu
1019 2169 1150 2266 quibus

114 2296 290 2383 apparent
313 2281 448 2381 objecti
474 2283 735 2371 extremitates,
767 2283 825 2356 vel
856 2307 941 2358 cum
968 2283 1151 2380 parallelis

115 2401 251 2473 eductis
268 2423 292 2472 a
304 2397 450 2497 punctis
463 2398 527 2470 nbi
540 2421 629 2470 cura
641 2397 704 2470 illa
714 2396 881 2471 incidunt
898 2397 937 2470 in
947 2397 1148 2494 speculum,

114 2524 149 2588 et
169 2511 443 2588 transeuntibus
468 2535 535 2608 per
557 2511 694 2608 objecti
719 2511 979 2586 extremitates.
1033 2511 1150 2586 Punc-

116 2637 330 2700 tumentem
355 2625 448 2700 illud
472 2624 737 2704 evanescentiae
764 2624 804 2698 in
827 2624 980 2700 diversis
1001 2624 1150 2700 videndi

115 2742 228 2816 modis
254 2751 311 2828 est
336 2739 531 2814 diversum.
584 2740 628 2812 ln
651 2738 791 2812 visione
813 2737 954 2812 directa
970 2751 1149 2837 punctum

115 2856 201 2928 illud
224 2879 300 2928 non
326 2853 602 2943 determinatur,
634 2853 698 2926 sed
729 2853 884 2926 sumitur
909 2863 1085 2950 tanquam
1110 2853 1149 2926 iu

116 2970 322 3053 horizonte;
350 2967 437 3066 quia
463 2967 623 3042 maxima
648 2992 730 3064 quae
754 2968 853 3041 eirca
879 2991 946 3042 nos
971 2979 1058 3042 sunt
1083 2965 1149 3040 ob-

113 3086 207 3178 jecta
230 3083 269 3157 iu
288 3082 463 3155 distantia
486 3080 689 3155 horizontis
714 3081 760 3154 ab
788 3081 894 3156 oculo
915 3091 1148 3156 evanescunt

117 3199 226 3270 Crura
235 3207 361 3270 autem
374 3195 511 3293 anguli,
525 3198 629 3293 cujus
641 3207 768 3268 vertex
781 3205 838 3268 est
850 3195 941 3270 illud
957 3207 1149 3292 punctum,

117 3311 282 3384 desinunt
298 3309 338 3386 in
361 3307 440 3384 basi
456 3320 670 3383 transeunte
687 3333 754 3406 per
772 3321 940 3386 centrum
957 3310 1098 3385 retiuae.

114 3473 116 3482 ·
163 3427 203 3499 ln
219 3425 359 3499 visione
372 3447 439 3520 per
448 3423 611 3498 tabulam
622 3422 855 3520 diaphanam,
868 3435 1048 3520 punctum
1058 3425 1149 3500 illud

118 3541 220 3613 estin
236 3550 338 3613 recta
355 3548 568 3612 transeunte
584 3561 652 3634 per
676 3550 845 3612 centrum
861 3538 1004 3628 retina,
1022 3550 1061 3611 et
1083 3563 1149 3636 per

118 3655 272 3727 tabulam
288 3651 528 3749 perspectiva
545 3651 730 3725 horizonti
755 3651 951 3747 parallela3
979 3665 1147 3727 vocatur-

118 3793 217 3864 quea
233 3765 451 3864 quibusdam
460 3765 700 3864 perspectivas
717 3765 958 3862 scriptoribus
968 3775 1149 3863 puuctum

114 3881 305 3980 principat
328 3937 336 3953 .
389 3880 506 3954 Omra
521 3892 646 3954 autem
657 3879 794 3976 anguli,
809 3881 913 3976 cujus
926 3879 1015 3953 illud
1032 3905 1148 3976 punc-

118 4007 190 4068 tum
205 4007 262 4069 est
271 4005 411 4081 vertex,
422 3992 535 4068 ducta
545 3993 584 4066 in
595 3994 720 4068 tabula
730 3993 975 4068 terminantur
987 3993 1026 4068 in
1038 3995 1147 4092 plano

116 4109 322 4184 horizontis.

162 4225 202 4298 ln
231 4222 370 4297 visione
405 4245 471 4320 per
504 4221 754 4298 reflectiouem
792 4245 815 4294 a
848 4221 995 4318 speculo
1024 4222 1147 4320 plano,
