2896 4914
302 301 347 369 52
697 320 750 372 nn
771 320 953 372 nomnen.

113 515 208 566 sacr.
227 516 265 566 11.
299 487 550 583 magnitudine
569 487 708 578 eadem,
722 514 795 586 qua
811 489 850 562 in
862 489 1001 563 visione
1015 488 1165 578 directa,
1180 498 1219 560 et
1233 511 1338 583 mag-

120 593 262 698 ss
299 605 466 680 nitudine
482 605 583 679 nulla
599 606 638 679 in
659 606 833 681 distantia
859 607 953 680 citra
974 608 1150 681 verticem
1177 605 1336 695 infinita,

91 731 447 810 Pculofrou'eetpnecesse
477 729 596 793 estut
621 721 830 817 ubicunque
856 731 1015 819 ponatur
1042 720 1136 793 citra
1161 721 1245 809 OP,
1274 720 1340 792 ubi
1437 755 1438 816 3

90 797 456 938 iiaffiiiudss'anffllus
485 833 639 908 visorius
666 835 787 908 minor
812 848 868 908 est
894 859 1003 931 quam
1032 833 1186 930 angulus
1211 833 1281 906 PE
1294 833 1339 921 Ο,
1437 833 1438 856 ’

90 927 281 1036 ffifflffl‘
303 959 502 1044 appareant
514 948 661 1022 termini
680 950 714 1022 K
732 960 769 1023 et
785 949 816 1022 L
833 950 953 1022 alcubi
966 950 1005 1022 in
1018 949 1126 1021 rectis
1145 948 1233 1037 ΒΟ,
1253 947 1339 1019 ΒΡ.

305 1060 378 1134 Sed
395 1059 506 1140 iidem
523 1062 600 1157 ejus
618 1062 764 1134 termini
781 1071 959 1159 apparent
971 1060 1340 1134 invisnalibusiineis

305 1174 382 1262 SE,
399 1174 484 1247 VE.
511 1175 751 1270 Apparebunt
766 1175 891 1272 itaque
908 1175 948 1248 in
965 1173 1051 1271 ipsis
1068 1175 1340 1248 intersectioni-

302 1289 384 1376 buS,
403 1288 472 1362 hoc
490 1298 555 1376 est,
572 1289 606 1360 K
624 1287 662 1360 in
678 1289 723 1378 Y,
741 1301 778 1361 et
797 1289 826 1361 L
842 1289 881 1361 in
898 1289 935 1362 X
954 1288 1107 1361 inverse.
1160 1287 1340 1362 Inventus
1437 1349 1438 1366 a

303 1403 427 1499 itaque
445 1414 501 1476 est
517 1403 631 1493 locus,
649 1415 719 1477 etc.
764 1402 874 1476 Quod
892 1413 970 1475 erat
986 1401 1208 1476 faciendum.

354 1517 487 1590 Coroll.
507 1539 535 1591 1.
562 1517 756 1612 Objectum
774 1515 920 1612 quando
945 1514 1149 1589 incidentes
1166 1525 1253 1588 ante
1280 1539 1341 1588 re-

302 1631 496 1704 flexionem
531 1642 657 1704 secant
683 1630 795 1703 'oculi
836 1628 1148 1727 perpendiculum,
1183 1641 1342 1726 apparet

303 1768 446 1841 semper
478 1743 672 1832 inversum,
708 1754 817 1841 atque
849 1743 960 1817 etiam
989 1742 1086 1816 inter
1119 1743 1267 1816 oculum
1301 1755 1342 1817 et

303 1858 530 1954 superficiem
545 1859 805 1931 reflectentem.

353 1971 486 2045 Coroll.
514 1994 560 2045 11.
586 1971 749 2068 Apparet
774 1970 872 2059 hinc,
899 1969 1081 2066 quomodo
1114 1968 1227 2044 etiam
1256 1971 1343 2047 loca

302 2083 516 2181 apparentia
543 2093 758 2158 caeterorum
787 2094 1008 2180 punctorum
1035 2082 1181 2179 objecti,
1204 2107 1341 2181 nempe

303 2224 385 2296 quae
403 2214 488 2272 sunt
505 2198 601 2272 inter
619 2199 654 2271 K
668 2210 705 2272 et
718 2200 759 2289 L,
778 2197 998 2271 invenienda
1014 2207 1111 2271 sunt.
1155 2198 1254 2271 Nam
1271 2224 1341 2295 per

302 2314 389 2387 bina
421 2323 559 2410 puncta
592 2338 615 2386 a
646 2312 907 2410 perpendiculo
936 2311 1032 2398 oculi
1060 2311 1153 2385 irinc
1179 2323 1218 2385 et
1251 2313 1341 2386 inde

303 2427 492 2523 aequaliter
508 2437 649 2500 remota
666 2425 843 2501 ducendae
861 2437 947 2500 sunt
963 2436 1078 2499 rectae·
1091 2425 1162 2523 ipsi
1179 2450 1341 2524 perpen—

303 2540 424 2614 diculo
441 2540 635 2638 parallelae,
653 2550 691 2614 et
708 2538 975 2614 admovendum
1001 2540 1185 2635 objectum
1210 2564 1340 2615 versus
1436 2529 1437 2624 i

301 2655 476 2729 verticem
494 2654 615 2752 quoad
632 2666 796 2728 extrema
808 2656 886 2750 ejus
900 2678 985 2726 cum
1002 2655 1174 2727 extremis
1190 2656 1342 2751 punctis
1436 2647 1437 2652 ¹

301 2769 469 2868 imaginis
487 2794 562 2843 suae
579 2769 765 2866 reciproce
783 2768 1004 2859 coincidant,
1019 2777 1056 2842 et
1074 2767 1122 2842 ad
1139 2793 1183 2842 ea
1198 2783 1343 2867 puncta

302 2884 477 2960 ducendae
494 2895 605 2958 rectae
623 2909 646 2958 a
669 2883 816 2974 vertice,
843 2892 913 2956 etc.

353 3009 386 3073 5.
413 2999 536 3072 Posito
555 2999 698 3094 objecto
715 3007 819 3071 extra
836 2997 952 3070 dictas
969 2996 1171 3093 parallelas,
1187 3007 1225 3071 et
1241 2997 1341 3072 infra

301 3124 438 3187 rectam
457 3113 541 3201 ΑΟ,
558 3111 681 3184 locum
698 3111 775 3206 ejus
792 3110 954 3184 invenire
972 3122 1221 3207 apparentem.

353 3226 409 3301 Sit
434 3249 559 3299 rursus
589 3225 775 3322 speculum
805 3225 882 3320 (fig.
902 3227 940 3318 4)
960 3225 1094 3314 ABC,
1112 3236 1240 3300 vertex
1259 3228 1340 3323 ejus

302 3338 345 3429 B,
364 3351 531 3412 centrum
548 3339 594 3428 D,
614 3338 739 3411 oculus
756 3348 798 3410 ut
815 3349 900 3411 ante
917 3339 956 3411 in
974 3340 1005 3411 E
1019 3371 1028 3424 ;
1055 3339 1250 3436 ductaeque
1264 3342 1340 3418 sint
1434 3375 1435 3412 r

301 3454 346 3526 ab
364 3454 394 3526 E
412 3453 494 3527 duae
511 3462 621 3526 rectae
638 3451 841 3525 incidentes
857 3451 896 3524 in
914 3451 1103 3547 speculum
1121 3453 1169 3526 ad
1185 3454 1220 3527 A
1238 3468 1277 3528 et
1294 3457 1336 3546 Ο,

300 3568 354 3641 ita
376 3578 417 3641 ut
434 3566 627 3642 incidentis
644 3568 720 3640 EA
742 3568 878 3640 reflexa
895 3565 943 3639 sit
960 3567 1049 3654 AC,
1075 3580 1113 3642 et
1138 3567 1337 3644 incidentis

299 3680 372 3755 EC
391 3681 529 3754 reflexa
546 3682 594 3755 sit
611 3682 696 3770 CA,
710 3690 748 3754 et
764 3705 787 3754 a
802 3680 948 3778 punctis
968 3681 1052 3755 Aet
1070 3683 1099 3755 C
1120 3682 1243 3758 ductae
1261 3685 1337 3759 sint

299 3795 383 3887 AF,
403 3797 477 3871 CG
494 3796 590 3870 oculi
615 3795 875 3893 perpendiculo
905 3795 978 3868 ΕΒ
1006 3796 1202 3892 parallelae,
1231 3809 1336 3872 extra

299 3935 387 4009 quas
404 3912 451 3985 sit
467 3912 625 4008 positum
637 3912 821 4007 objectum
834 3921 1021 4007 utcunque
1039 3911 1076 3983 H
1089 3911 1117 3984 Ι.
1145 3913 1175 3983 Α
1195 3924 1335 4008 puncto

298 4038 420 4100 antem
439 4026 476 4098 H
495 4024 607 4098 ducta
624 4024 672 4098 sit
689 4022 854 4096 incidens
871 4024 909 4096 H
921 4024 968 4113 K,
988 4047 1069 4119 quae
1089 4024 1334 4120 perpendicu-

297 4141 373 4214 lum
400 4139 495 4214 oculi
521 4160 647 4211 secans
672 4139 881 4211 reflectatur
906 4136 954 4210 ad
971 4136 1117 4210 oculum
1145 4161 1214 4233 per
1245 4139 1332 4213 ΚΕ.

297 4252 346 4327 Et
362 4279 385 4328 a
399 4265 537 4350 puncto
556 4252 573 4325 Ι
591 4250 703 4324 ducta
723 4251 769 4324 sit
791 4249 955 4324 incidens
974 4250 1044 4341 IL,
1062 4262 1100 4324 et
1115 4250 1180 4325 illa
1205 4275 1332 4328 secans
