2848 4908
318 273 391 344 ³08
730 287 960 344 insumunt.

123 489 220 542 saep.
235 489 288 544 ru.
317 455 428 534 moda
440 455 553 532 totius
569 454 698 532 mundi
715 458 792 532 solo
808 481 903 556 pene
919 457 1045 532 labore
1057 465 1182 554 empta
1198 453 1238 530 in
1253 476 1354 528 unam

112 567 279 682 ,ᾧ
318 570 506 647 civitatem
532 579 821 668 comportantur,
840 571 930 646 item
953 569 1182 662 mechanica,
1201 567 1268 644 sub
1291 591 1355 665 qua

318 708 444 761 omnes
462 683 721 760 excellentium
734 683 963 782 opificiorum
973 693 1070 758 artes
1081 679 1354 780 comprehendo,

318 809 356 874 et
381 797 550 874 scientia
580 796 861 888 mathematice,
890 795 1049 872 nauticae
1077 805 1117 872 et
1143 793 1355 870 mechanica

317 912 449 1004 fontes,
467 910 508 986 in
523 910 663 986 honore
676 910 893 984 habeantur.
919 907 980 984 Ad
991 909 1144 984 tertium
1159 907 1268 982 utiles
1281 919 1357 982 srmt

318 1026 419 1124 leges
445 1023 530 1115 illae,
561 1023 693 1122 quibus
720 1031 861 1098 sumtus
886 1031 961 1098 tam
994 1023 1033 1096 in
1062 1021 1163 1098 cibos
1192 1045 1300 1120 quam
1324 1021 1355 1094 in

317 1151 451 1230 vestes,
470 1149 509 1212 et
531 1137 741 1212 tmiversum
758 1137 799 1211 in
814 1159 873 1212 res
890 1160 1030 1229 omnes,
1047 1159 1129 1233 quae
1145 1159 1217 1210 usu
1235 1157 1356 1210 consu-

319 1262 481 1344 muntur,
500 1250 687 1327 immodici
703 1250 980 1349 prohibeantur.
1034 1249 1220 1334 Quoniam
1243 1259 1355 1322 autem

318 1366 419 1464 leges
435 1365 527 1440 tales
543 1363 699 1441 adfines
716 1389 827 1462 supra
844 1364 962 1442 dictos
973 1363 1081 1440 utiles
1094 1374 1193 1456 sunt,
1207 1363 1355 1462 pertinet

319 1479 432 1554 etiam
448 1477 498 1554 ad
514 1479 674 1554 officium
691 1479 951 1577 imperantium
968 1502 1029 1554 eas
1046 1477 1201 1557 sancire.

107 1595 292 1656 ”wrm
373 1601 430 1668 15.
456 1592 622 1669 Libertas
640 1592 775 1668 civium
792 1617 869 1670 non
885 1594 926 1669 in
939 1618 983 1669 eo
1000 1593 1072 1668 sita
1088 1601 1156 1684 est,
1169 1603 1214 1666 ut
1226 1591 1354 1690 legibus

107 1661 307 1788 fflffiif
322 1704 482 1781 civitatis
494 1706 655 1804 exempti
669 1707 754 1800 sint,
764 1707 875 1782 velut
885 1707 925 1800 ii,
938 1708 1001 1805 qui
1015 1706 1174 1783 civitatis
1188 1729 1353 1781 summam

107 1791 269 1904 maii.
317 1829 543 1918 potestatem
566 1821 716 1913 habent,
743 1845 820 1897 non
848 1821 992 1920 possint
1017 1821 1117 1918 leges
1145 1819 1243 1896 ferre
1260 1841 1353 1916 quas-

108 1923 204 1970 mm·
319 1957 464 2031 cunque
496 1934 633 2009 volent.
702 1934 776 2010 Sed
809 1934 983 2031 quoniam
1014 1956 1141 2010 omnes
1175 1943 1293 2008 motus
1322 1943 1353 2004 et

319 2047 483 2123 actiones
513 2046 649 2122 civium
681 2047 823 2146 legibus
856 2071 1047 2146 nunquam
1082 2046 1351 2144 circumscripta

320 2170 417 2252 sunt,
435 2183 557 2257 neque
587 2159 838 2240 circumscribi
862 2170 1013 2260 propter
1040 2160 1253 2236 varietatem
1280 2181 1352 2256 pos

320 2283 418 2364 sunt,
436 2296 586 2349 necesse
614 2286 671 2350 est
687 2286 740 2349 ut‘
755 2275 900 2350 infinita
916 2299 1009 2374 pene
1027 2275 1113 2366 sint,
1140 2298 1223 2372 quae
1248 2293 1351 2370 neque

316 2385 492 2484 jubentur
520 2410 641 2486 neque
670 2389 940 2487 probibentur;
966 2388 1032 2465 sed
1060 2387 1183 2464 facere
1210 2387 1266 2463 vel
1288 2409 1350 2460 non

320 2497 442 2575 facere
472 2523 539 2575 suo
571 2501 725 2600 quisque
752 2502 906 2577 arbitrio
932 2511 1066 2600 potest.
1119 2501 1164 2576 In
1181 2501 1239 2576 his
1256 2521 1351 2574 unus

321 2612 475 2711 quisquc
492 2613 628 2690 dicitur
638 2638 705 2690 sua
716 2615 790 2690 frui
802 2615 986 2707 libertate,
1001 2626 1113 2711 atque
1126 2614 1166 2689 in
1176 2615 1246 2689 hoc
1259 2633 1352 2689 sensu
1414 2633 1415 2642 ¹

319 2725 470 2802 libertas
487 2728 558 2805 hoc
575 2728 657 2804 loco
684 2729 924 2828 intelligendo
940 2741 1006 2822 est,
1033 2752 1167 2827 nempe
1184 2753 1252 2828 pro
1273 2725 1351 2825 juris

321 2841 497 2917 naturalis
523 2851 629 2940 parte
657 2865 712 2933 ea,
740 2867 822 2942 quae
846 2843 986 2919 civibus
1002 2868 1026 2918 a
1041 2842 1185 2942 legibus
1203 2841 1351 2918 civilibus

320 2955 498 3050 permissa
515 2967 554 3032 et
568 2956 698 3032 relicta
714 2969 781 3034 est.
834 2957 939 3032 Siout
955 2981 1061 3056 aqua,
1079 2958 1170 3056 ripis
1187 2957 1352 3054 undiqua-
1413 3003 1414 3030 ι

322 3089 394 3164 que
412 3069 594 3162 conclusa,
613 3079 759 3168 stagnat
782 3081 819 3145 et
837 3070 1105 3168 corrumpitur;
1132 3071 1352 3168 undiquaque

321 3191 450 3276 aperta
468 3183 701 3280 expanditur,
719 3193 757 3258 et
774 3208 848 3281 quo
874 3185 998 3282 plures
1017 3185 1134 3260 exitus
1158 3183 1294 3260 invenit
1317 3205 1351 3254 eo

319 3292 470 3369 liberior
503 3295 607 3370 fluit:
633 3296 688 3372 ita
721 3320 866 3396 quoque
901 3297 1010 3391 cives,
1038 3299 1069 3373 si
1102 3298 1196 3374 nihil
1229 3299 1351 3396 injussu

320 3404 444 3504 legum
456 3404 633 3502 facerent,
647 3419 859 3508 torperent;
886 3409 918 3486 si
931 3409 1064 3504 omnia,
1079 3411 1350 3510 dissiparentur

322 3527 360 3593 et
378 3541 450 3616 quo
460 3518 568 3617 plura
584 3520 726 3620 legibus
743 3523 1029 3600 indeterminata
1040 3524 1304 3624 relinquuntur,
1316 3545 1351 3594 eo

322 3634 460 3732 majore
493 3631 666 3710 fruuntur
693 3636 875 3712 libertate.
932 3637 1139 3737 Utrumque
1165 3651 1350 3714 extremum

321 3745 494 3820 vitiosum
510 3757 591 3822 est:
618 3771 693 3822 non
711 3749 809 3824 enim
825 3749 875 3825 ad
898 3749 1061 3827 actiones
1084 3751 1273 3828 hominum
1293 3747 1351 3824 tol·

321 3856 458 3953 lendas,
490 3859 556 3936 sed
579 3861 800 3959 dirigendas,
828 3863 989 3938 inventae
1016 3863 1114 3962 leges
1138 3878 1245 3952 sunt;
1270 3864 1349 3938 sicut

321 3993 440 4069 neque
457 3974 555 4072 ripas
581 3974 630 4051 ad
654 3976 856 4052 sistendum
874 4001 1020 4053 cursum
1048 3979 1221 4072 fluminis,
1238 3977 1296 4054 sed
1310 3973 1349 4050 ud

322 4081 554 4184 dirigendum
581 4099 715 4167 natura
741 4091 934 4169 ordinavit.
987 4093 1163 4170 Mensura
1191 4095 1293 4194 hujus
1316 4089 1349 4162 li·
