2904 4916
285 241 356 336 394
693 261 931 344 menarum

90 453 187 508 sucu.
203 455 255 504 111.
284 450 436 504 numero
447 449 594 524 magno,
606 428 883 526 magistratibus
898 427 1055 525 publicis
1071 428 1245 501 resistere
1261 449 1340 501 nou

103 533 245 637 „L
289 541 435 631 seditio,
454 540 520 614 sed
535 540 742 637 desperatio
760 551 829 615 est.
882 542 951 615 Per
968 541 1213 615 instrumenta
1229 539 1341 612 intel-

286 657 362 752 ligo
381 679 489 728 ormo
517 664 555 728 et
582 665 830 746 commeatum,
849 680 931 751 quae
955 655 987 728 si
1013 655 1146 744 absint,
1163 675 1346 726 numerus

288 770 380 844 nihil
395 769 506 858 valet,
525 768 621 841 sicut
646 793 767 864 neque
795 793 899 842 arma
923 769 1003 842 sine
1027 778 1153 842 mutam
1171 765 1340 863 fiducia,

217 911 222 918 ·
288 907 409 979 neque
425 883 506 955 haec
524 881 648 955 omnia
665 882 743 955 sine
756 883 893 956 unione
919 883 986 955 sub
1005 882 1100 955 duce
1125 881 1263 976 aliquo,
1282 879 1343 952 cui

289 995 451 1085 obedire,
468 1019 544 1068 non
561 1006 604 1068 ut
620 995 773 1092 obligati
786 996 886 1091 quod
903 1019 941 1068 se
958 995 1073 1092 ipsius
1087 993 1245 1090 imperio
1256 993 1343 1066 sub-

288 1107 468 1198 miserint,
489 1108 762 1204 (supposuimus
788 1108 886 1182 enim
915 1109 988 1182 hoc
1011 1109 1091 1204 ipso
1119 1107 1255 1203 capite,
1272 1107 1343 1178 hu-

286 1221 449 1318 jusmodi
476 1221 642 1294 homines
659 1221 802 1295 nescire
820 1246 858 1294 se
876 1221 1035 1318 obligari
1049 1221 1149 1294 ultra
1175 1219 1217 1292 id
1242 1219 1345 1316 quod

289 1334 437 1410 sibimet
466 1333 554 1430 ipsis
581 1343 724 1406 rectum
741 1344 779 1408 et
804 1337 943 1408 bonum
967 1334 1087 1408 visum
1113 1332 1256 1427 fuerit)
1278 1332 1345 1406 sed

289 1456 442 1546 propter
465 1445 773 1519 existimationem
790 1448 949 1538 virtutis,
964 1460 1003 1520 et
1019 1447 1230 1543 prudentiae
1247 1445 1344 1518 mili-

290 1561 392 1650 taris,
422 1559 481 1632 vel
511 1559 786 1633 similitudinem
811 1561 1021 1651 affectuum,
1053 1572 1186 1657 sponte
1215 1560 1344 1632 velint.

293 1675 463 1750 Quatuor
492 1674 574 1746 haec
604 1673 634 1746 si
650 1674 861 1748 hominibus
889 1673 1088 1770 praesentia
1115 1673 1274 1746 moleste
1290 1672 1345 1744 fe-

291 1787 469 1876 rentibus
488 1796 525 1859 et
550 1788 613 1882 jus
636 1786 824 1860 actionum
853 1810 1002 1860 suarum
1028 1786 1180 1882 proprio
1200 1784 1345 1881 judicio

292 1899 539 1990 metientibus,
565 1898 605 1971 in
634 1898 841 1996 propinquo
867 1900 953 1989 sint,
980 1900 1029 1974 ad
1055 1899 1280 1973 seditionem
1306 1909 1347 1970 et

293 2013 452 2087 civitatis
471 2011 723 2086 confusionem
747 2024 930 2108 praeterea
954 2014 1047 2086 nihil
1075 2014 1181 2088 deest
1208 2023 1348 2110 praeter

293 2128 465 2225 aliquem,
478 2126 544 2223 qui
561 2126 665 2224 ipsos
683 2137 799 2200 acuat
812 2137 850 2200 et
867 2127 1042 2201 concitet.

80 2275 281 2331 unusquique
351 2249 407 2313 12.
435 2239 624 2329 Catulinae,
648 2263 721 2335 quo
749 2263 858 2314 nemo
881 2264 1045 2336 unquam
1068 2238 1187 2334 magis
1210 2239 1261 2312 ad
1289 2261 1347 2312 se-

80 2345 115 2384 est
124 2339 153 2383 ad
162 2339 255 2382 sedition

82 2404 218 2456 „dmm
227 2352 280 2446 ,οξ
294 2352 454 2426 ditiones
470 2352 589 2426 factus
604 2351 688 2442 fuit,
711 2352 901 2426 character
927 2352 1026 2448 apud
1053 2351 1257 2424 Salustium
1285 2351 1349 2424 hic

81 2469 256 2578 ffliffig
294 2476 362 2556 est,
381 2464 481 2562 quod
496 2466 651 2539 haberet
668 2463 888 2562 eloquentie
915 2465 1025 2553 aetia,
1043 2465 1248 2563 sapientire
1268 2489 1349 2562 pa-

168 2547 192 2592 m
294 2604 387 2652 rum.
441 2579 597 2675 Separat
612 2578 674 2651 ille
691 2578 920 2677 sapientium
937 2580 985 2651 ab
1002 2578 1231 2675 eloquentia,
1249 2579 1350 2650 hanc

293 2693 436 2767 bomini
452 2692 500 2766 ad
517 2694 647 2765 turbas
664 2704 755 2765 nato
780 2702 823 2766 ut
848 2692 1094 2766 necessariam
1124 2691 1350 2779 attribuens,

294 2808 396 2883 illam
411 2818 454 2881 ut
468 2807 571 2903 pacis
588 2805 818 2880 dictatricem
836 2805 1061 2903 abjudicans
1111 2803 1351 2902 Eloquentia

295 2934 420 2995 autem
438 2919 573 3016 duplex
590 2931 669 3005 est;
697 2919 815 2993 altera
832 2919 1026 2993 sententiae
1042 2930 1081 2992 et
1098 2929 1351 3014 conceptuum

296 3034 410 3108 animi
437 3033 633 3130 perspicua
660 3044 698 3110 et
724 3034 872 3130 elegans
899 3031 1128 3129 explicatrix,
1154 3032 1353 3128 oriturque

296 3148 469 3244 partima
485 3171 609 3221 rerum
632 3147 795 3243 ipsarum
813 3145 1136 3242 contemplatione,
1165 3145 1305 3241 partim
1328 3170 1354 3218 a

297 3262 494 3334 verborum
510 3260 550 3334 in
567 3260 718 3357 propria
743 3271 781 3334 et
808 3259 960 3333 definita
987 3258 1260 3355 significatione
1286 3284 1353 3334 ac-

299 3383 490 3470 ceptorum
507 3372 773 3470 intelligentia3
796 3373 913 3446 altera
930 3382 986 3444 est
1001 3372 1202 3446 affectuum
1220 3371 1351 3463 animi,

298 3486 424 3582 quales
455 3497 540 3560 sunt
567 3510 668 3584 apes,
683 3493 816 3575 metue,
840 3485 915 3573 iro,
940 3484 1219 3574 misericordia,
1246 3510 1353 3559 com-

297 3599 445 3689 motrix,
464 3598 652 3694 oriturque
674 3622 720 3670 ex
737 3621 807 3672 usu
822 3599 1020 3672 verborum
1036 3597 1294 3694 metaphorico
1313 3613 1353 3674 et

296 3712 345 3786 ad
361 3713 515 3786 affectus
529 3710 819 3784 accommodato.
872 3710 941 3783 Illa
957 3733 1002 3784 ex
1019 3711 1116 3783 veris
1132 3709 1352 3808 principiis;

294 3827 375 3900 haec
393 3849 438 3898 ex
461 3828 538 3921 jam
555 3825 712 3921 receptis
739 3824 983 3920 opinionibus,
1002 3823 1277 3922 qualescunque
1296 3850 1354 3900 eae

295 3941 381 4029 sint,
413 3939 616 4013 orationem
652 3939 756 4012 texit.
818 3938 920 4011 lllius
955 3961 1014 4011 ars
1048 3937 1193 4033 logica3
1238 3939 1354 4035 hujus

296 4053 482 4128 rhetorica
492 4063 558 4126 est.
586 4053 687 4125 Illius
700 4052 784 4125 linis
798 4050 934 4124 veritas
948 4060 1025 4134 est;
1052 4050 1162 4146 hujus
1179 4051 1351 4128 victoria.

298 4167 464 4263 Utraque
482 4192 590 4242 suum
607 4190 714 4241 usum
725 4167 850 4255 habet,
868 4163 931 4238 illa
942 4165 980 4238 in
998 4163 1353 4250 deliberationibus;
