2904 4912
230 279 285 330 Du
304 277 447 331 REGNO
468 277 540 329 DEI
560 277 639 330 PER
661 275 828 329 Puerum
848 275 995 328 VETUS.
1066 261 1134 326 351

92 446 231 520 minem
249 470 328 520 esse
346 469 558 542 supremum
577 468 717 541 regem,
735 445 798 541 qui
816 445 948 518 absens
965 457 1141 542 regnaret

91 587 160 658 per
173 585 391 659 prorogem;
419 571 551 634 contra
567 583 678 657 quem
693 571 892 656 peccarent
909 559 1058 656 quidem
1074 559 1140 648 illi,

92 675 156 770 qui
182 674 332 770 proregi
357 698 432 746 non
453 673 646 747 obedirent
669 674 709 745 in
731 672 912 763 omnibus,
930 684 1085 769 excepto
1111 672 1142 746 si

92 811 251 884 regnum
264 785 416 883 sibiipsi
429 796 631 882 arrogaret,
644 785 704 859 vel
720 785 784 859 alii
797 784 945 860 tradere
960 785 1141 868 volnerit;

94 901 146 973 illi
164 925 253 974 vero
279 900 342 997 qui
369 900 422 973 ita
443 899 611 973 absolute
630 899 749 973 eidem
766 899 972 986 obedirent,
990 899 1142 973 utillud

94 1040 169 1088 non
187 1014 413 1111 exciperent,
430 1013 485 1088 rei
501 1012 705 1109 majestatis
725 1013 949 1088 dicerentur.

534 1238 729 1250 m

533 1253 731 1269 ψ

477 1417 640 1492 CAPUT
664 1417 767 1490 XVI.

290 1589 337 1638 DE
356 1590 477 1640 REGNO
495 1591 560 1642 DEI
579 1591 649 1640 PER
667 1591 811 1641 PAGTUM
831 1589 955 1640 VETUS.

99 1723 124 1776 l.
145 1715 254 1774 Veram
278 1717 455 1792 religionem,
477 1719 678 1794 superstitione
692 1727 804 1778 exterus
827 1719 958 1775 nationes
975 1725 1145 1794 occupante,

135 1809 261 1866 instituit
274 1807 357 1866 Deus
369 1827 421 1884 per
431 1809 641 1868 Abrahamum.
680 1815 708 1869 ‘A
729 1809 819 1868 Paeto
833 1810 908 1868 inter
916 1809 1013 1868 Deum
1023 1818 1053 1867 et
1066 1807 1146 1868 Adu-

135 1919 218 1956 mum
233 1900 378 1975 prohibita
392 1909 435 1958 est
448 1901 604 1978 disputatio
614 1903 651 1960 de
657 1902 799 1960 mandatis
809 1902 1000 1978 superiorum.
1019 1905 1047 1961 3.
1063 1901 1145 1959 Paeti

137 1992 214 2047 iuter
234 1989 332 2047 Deum
355 1998 385 2048 ct
397 1989 599 2050 Abrahamnm
620 1992 753 2050 formula.
793 1997 822 2052 l.
844 1993 878 2050 ln
892 2000 978 2068 pacto
991 1992 1041 2050 illo
1054 1993 1146 2050 conti·

137 2091 226 2139 netur
238 2082 348 2158 agnitio
362 2082 420 2140 Dei
434 2101 492 2140 non
506 2085 681 2161 simpliciter,
695 2083 746 2142 sed
767 2083 828 2162 ejus
842 2084 893 2160 qui
906 2086 1039 2160 apparuit
1053 2083 1147 2141 Abra-

137 2175 235 2230 hamo.
275 2177 303 2233 5.
334 2172 438 2250 Leges,
465 2175 572 2251 quibus
599 2175 783 2234 Abrahamus
809 2176 971 2246 tenebatur,
998 2176 1062 2233 uliae
1088 2193 1146 2233 non

136 2272 223 2322 erant
236 2271 342 2339 praeler
355 2265 433 2341 leges
445 2274 564 2335 naturae,
578 2273 608 2324 et
620 2266 714 2343 legem
728 2267 963 2324 circumcisionis.
1003 2271 1033 2326 6.
1052 2266 1148 2324 Abra·

137 2358 244 2413 hamus
257 2357 339 2414 verbi
360 2356 419 2414 Dei
429 2365 459 2414 et
480 2357 577 2436 legum
598 2359 728 2415 omnium
745 2359 824 2434 apud
843 2377 911 2416 snos
924 2359 1064 2435 interpres
1077 2366 1147 2416 erat.

137 2451 168 2512 7.
191 2449 306 2508 Subditi
329 2449 489 2506 Abrabami
509 2468 631 2526 peccare
653 2467 711 2507 non
732 2457 890 2526 potuerunt
909 2450 963 2525 ipsi
977 2449 1148 2508 obediendo.

137 2545 168 2599 8.
191 2541 314 2598 Pactum
337 2541 394 2599 Dei
414 2560 481 2599 eum
500 2542 608 2618 populo
628 2540 759 2598 Hebraeo
782 2541 820 2598 ad
843 2547 970 2598 montem
992 2541 1081 2599 Sinai.
1120 2546 1149 2602 9.

140 2633 217 2690 Inde
237 2633 364 2708 regimen
387 2633 447 2690 Dei
470 2651 574 2690 nomen
597 2633 679 2709 regni
698 2633 833 2690 sortitum
846 2641 899 2690 est.
941 2637 987 2691 10.
1008 2633 1149 2697 Quaenam

138 2725 220 2801 leges
232 2725 252 2784 J
256 2725 344 2782 udaeis
357 2743 375 2782 a
388 2725 454 2783 Deo
467 2725 608 2801 impositae
625 2726 692 2782 sint.
734 2727 779 2783 11.
802 2724 881 2789 Quid
893 2724 939 2793 sit,
953 2732 983 2781 et
1004 2725 1151 2800 quomodo

139 2817 378 2893 cognoscendum
393 2817 513 2874 verbum
522 2815 588 2874 Dei.
622 2819 668 2875 12.
689 2815 844 2880 Quodnam
857 2815 945 2873 suerit
959 2817 1079 2874 verbum
1092 2816 1151 2875 Dei

140 2911 283 2984 scriptum
297 2908 373 2984 apud
387 2908 407 2967 J
409 2909 514 2966 udaeos.
556 2913 603 2969 13.
623 2908 800 2966 Potestatem
813 2909 1019 2983 interpretandi
1029 2909 1150 2966 verbum

142 3000 212 3070 Dei,
223 3009 253 3058 et
265 3019 406 3056 summam
419 3006 591 3076 potestatem
604 2999 718 3056 civilem
732 2998 899 3075 conjunctas
913 2998 1001 3057 fuisse
1011 3001 1040 3056 in
1055 2999 1151 3067 Mose,

139 3093 214 3149 dnm
228 3094 345 3150 viveret.
386 3096 434 3150 14.
455 3091 579 3150 Easdem
592 3091 760 3169 conjunctas
774 3091 861 3149 fnisse
881 3091 911 3148 in
925 3111 1038 3149 summo
1057 3111 1151 3151 succr-

141 3186 221 3254 dote,
235 3186 349 3242 vivente
363 3185 462 3243 Josua.
501 3189 547 3244 15.
569 3183 694 3242 Easdem
712 3183 880 3261 conjunctas
894 3183 982 3241 fuisse
995 3185 1024 3241 in
1039 3203 1152 3243 summo

141 3277 293 3336 sacerdote
313 3297 404 3354 nsque
424 3278 462 3336 ad
487 3278 603 3336 Saulem
626 3295 735 3353 regem.
778 3280 824 3336 16.
847 3275 971 3334 Easdem
985 3277 1153 3354 conjunctas

144 3370 234 3428 luisse
248 3371 277 3427 in
292 3371 408 3447 regibus
422 3390 514 3448 usque
527 3370 568 3452 ad,
579 3370 784 3446 captivitatem.
819 3370 866 3431 17.
887 3368 1012 3427 Easdem
1022 3369 1109 3427 fuisse
1122 3370 1153 3426 in

142 3463 342 3521 sacerdotibus
366 3472 431 3540 post
454 3463 660 3538 captivitatem.
703 3465 750 3520 18.
773 3461 862 3537 Apud
884 3461 1011 3530 Judaeos,
1036 3463 1153 3540 negatio

142 3556 333 3631 providentie
347 3557 452 3613 divinae
466 3563 496 3613 et
515 3555 676 3613 idololatria
688 3555 748 3612 sola
762 3561 844 3612 erant
857 3554 978 3612 crimina
997 3554 1072 3613 loesae
1093 3573 1153 3612 ma·

138 3648 253 3725 jestatis
272 3647 393 3716 divinoe3
419 3649 449 3704 in
473 3648 585 3706 caeteris
608 3647 750 3717 omnibus,
773 3646 952 3722 principibus
972 3648 1031 3705 suis
1053 3665 1153 3724 parere

144 3739 301 3798 debebant.
343 3793 346 3801 .

109 3868 141 3931 l.
171 3857 321 3929 HAeur
350 3855 423 3929 hoo
452 3855 655 3931 humanum
672 3877 800 3951 genuS,
828 3855 875 3927 ab
893 3854 1154 3930 imbecillitatis
1186 3878 1283 3928 sucr.
1297 3876 1350 3926 111.

104 3970 267 4067 propriae
285 3969 510 4042 conscientia
523 3978 561 4041 et
578 3967 820 4041 admiratione
835 3980 1033 4040 eventuum
1050 3981 1155 4044 natu·
1195 3953 1338 4060 L

104 4085 253 4172 talium,
277 4094 320 4158 ut
346 4082 511 4180 plerique
541 4082 695 4156 credant
723 4104 801 4154 esse
835 4081 1000 4154 omnium
1032 4106 1156 4156 rerum
1170 4093 1345 4149 Vusmrelisio·

1170 4173 1229 4212 nem,
1239 4158 1341 4214 supersti-

104 4197 307 4276 visibilium
324 4198 494 4293 opificem
511 4195 731 4270 invisibilem
748 4194 890 4280 Deum;
918 4219 1028 4292 quem
1045 4195 1157 4270 etiam
1170 4225 1230 4268 sone
1240 4229 1331 4268 esaia.
