2904 4912
243 309 461 362 nanneno
482 310 554 362 onl
575 311 655 362 run
674 310 844 364 sacroru
864 312 1013 365 varus.
1077 297 1149 364 363
1281 335 1285 342 -

101 479 290 552 Aaronem
310 503 494 554 summum
520 479 761 566 sacerdotem,
778 479 1016 554 manifestum
1033 489 1090 554 est
1106 503 1152 552 ex
1180 513 1278 564 sacr,
1290 512 1345 562 111.

101 593 213 666 simili
244 594 496 667 controversia
526 593 775 690 interipsum
807 617 883 668 une
917 618 1002 668 eum
1032 592 1153 667 Mario
1191 590 1336 695 L

102 730 241 796 sorore,
260 717 298 780 et
314 708 458 781 Mosen.
512 707 678 782 Quaestio
696 707 795 781 enim
814 719 893 780 erat
911 731 959 782 an
973 707 1074 782 Deus
1086 729 1154 804 per
1165 727 1336 774 romeus

1165 793 1355 852 urpmtmeim-
1444 785 1445 794 ’

101 819 238 892 Mosen
264 821 383 920 solum
407 820 581 916 loquntm
601 820 725 910 fuerit,
743 845 791 894 an
818 821 930 894 etiam
954 844 1022 917 per
1041 820 1219 917 ipsos,1‚.m
1227 859 1307 911 „aa
1444 859 1445 870 κ

100 933 174 1006 hoc
201 946 269 1023 est,
293 957 342 1007 an
369 933 468 1008 solus
494 935 630 1024 Moses,
648 959 697 1008 en
722 934 834 1008 etiam
859 933 930 1030 ipsi
954 933 1060 1008 uerbi
1076 933 1155 1007 Dei
1166 925 1352 1039 fflffiff

102 1049 337 1148 interpretes
355 1059 489 1122 essent.
542 1047 603 1122 Sic
627 1048 725 1122 enim
743 1048 916 1122 dixerunt
944 1049 1072 1142 (Num.
1090 1046 1153 1120 xii.
1165 1053 1366 1164 fflssffiffl

102 1164 144 1257 2)
163 1191 172 1235 :
194 1161 380 1261 Nuruper
393 1161 529 1235 Mareu
542 1161 784 1261 loquutueest
797 1162 1014 1236 Dominus?
1036 1151 1272 1236 uouueevmi’

103 1285 143 1348 et
162 1275 271 1348 uubis
290 1275 469 1349 similiter
486 1275 659 1373 loquutus
683 1281 774 1352 eet?
827 1277 928 1350 Deus
945 1289 1070 1351 autem
1087 1277 1155 1350 hos

101 1387 321 1484 increpavit,
340 1387 581 1486 distinxitquc
607 1389 705 1463 inter
729 1390 866 1464 Mareu
891 1399 929 1464 et
954 1391 1045 1464 alios
1060 1415 1156 1490 pro-

94 1503 242 1600 phetas
281 1502 410 1596 (Num.
439 1502 503 1575 xii.
527 1512 563 1592 6,
592 1511 627 1594 t,
655 1503 719 1597 8)=
756 1503 801 1576 Si
834 1503 920 1602 quia
949 1503 1151 1601 (inquiens)

86 1614 225 1713 fuerit
242 1615 342 1688 iuter
358 1639 423 1688 uos
436 1615 644 1714 propheta,
662 1616 702 1689 iu
727 1616 869 1690 uieicue
893 1617 1088 1715 apparebo
1107 1618 1155 1703 ei,

101 1727 164 1800 uei
167 1749 247 1826 per
260 1729 437 1802 eouuiuru
450 1729 586 1828 icquar
599 1729 655 1804 ad
666 1729 782 1804 illum.
818 1729 874 1805 At
886 1754 958 1804 acu
970 1729 1064 1804 talia
1076 1754 1156 1803 eer-

102 1865 170 1914 uus
187 1866 288 1914 meua
302 1842 444 1933 Moses,
463 1854 534 1916 etc.
590 1843 667 1916 Ore
683 1844 779 1916 euim
790 1842 846 1917 ad
855 1865 898 1915 oa
912 1842 1045 1941 loquor
1058 1843 1106 1934 ei,
1118 1853 1157 1917 et

94 1954 247 2052 patum,
264 1964 303 2029 et
327 1979 399 2028 uou
416 1980 495 2054 per
514 1957 721 2055 enigmata
739 1958 942 2056 etfiguras
959 1957 1156 2030 Dominum

101 2068 219 2142 uidet.
261 2067 389 2153 Quare
403 2094 498 2169 ergo
515 2094 587 2143 uou
602 2069 818 2145 timuistis?
843 2081 915 2144 eto.
954 2070 1155 2160 Postremo,

103 2182 208 2278 quod
232 2181 503 2282 interpretatio
528 2183 635 2258 uerbi
659 2184 750 2274 Dei,
767 2185 914 2258 vivente
940 2183 1059 2273 Mose,
1080 2207 1156 2258 non

102 2296 218 2370 filerit
230 2319 344 2392 penes
356 2297 556 2392 prophetes
569 2297 661 2371 alios
675 2321 927 2394 quoscunque,
940 2322 987 2371 ex
1001 2322 1045 2371 eo
1056 2297 1158 2371 colli·

103 2410 219 2506 gitur,
238 2409 339 2505 quod
351 2411 431 2506 jam
448 2410 641 2484 citavimus
659 2412 705 2485 de
722 2412 941 2485 excellentie
957 2413 1036 2509 ejus
1049 2433 1159 2506 super

105 2547 234 2597 omnes
251 2522 364 2606 alios;
391 2534 429 2597 et
446 2547 492 2596 ex
508 2525 652 2597 ratione
669 2525 840 2614 naumaii,
860 2523 1158 2621 quandoquidem

105 2637 272 2733 ejusdem
281 2637 472 2733 prophetae
486 2648 554 2726 est,
567 2637 743 2712 mandate
753 2637 823 2712 Dei
835 2647 874 2712 et
882 2637 980 2711 ferre
991 2647 1030 2711 et
1042 2638 1159 2734 expli-

106 2775 213 2836 care;
232 2751 334 2824 aliud
345 2764 471 2824 autem
481 2750 630 2825 uerbum
644 2752 722 2824 Dei
736 2763 826 2824 tunc
840 2775 916 2826 non
929 2761 1010 2824 erat
1021 2761 1159 2847 praeter

106 2864 210 2954 illud,
230 2865 332 2960 quod
355 2889 423 2962 per
443 2866 576 2938 Mosen
597 2865 863 2939 annunciatum
886 2877 965 2949 est;
992 2876 1030 2970 et
1050 2889 1096 2937 ex
1114 2889 1158 2938 eo

107 2978 230 3068 etiem,
259 2977 361 3073 quod
385 2979 568 3075 propheta
595 3003 639 3052 eo
664 2989 831 3074 tempore
859 2977 953 3051 alius
976 2978 1160 3052 exstiterit

106 3115 228 3182 nemo,
248 3093 311 3187 qui
333 3091 381 3164 ed
407 3091 585 3187 populum
606 3091 896 3188 prophetaverit,
921 3102 1056 3189 praeter
1078 3117 1161 3190 sep-

107 3205 277 3302 tuaginta
289 3204 463 3290 seniores
476 3206 539 3301 qui
551 3229 619 3303 per
635 3205 814 3304 spiritura
828 3205 944 3278 Mosis
961 3205 1160 3303 propheta·

106 3329 253 3394 verunt.
307 3320 430 3416 Atque
447 3319 486 3393 id
503 3343 651 3416 quoque
674 3319 810 3416 injuria
827 3319 969 3393 factum
986 3319 1161 3394 credebat

106 3435 233 3522 Josua,
252 3432 368 3506 Mosis
394 3443 485 3506 tune
512 3432 692 3522 minister,
709 3444 795 3530 post
821 3457 1023 3524 successor,
1041 3433 1160 3507 donec

107 3546 363 3622 consentiente
384 3547 491 3620 Mose
514 3546 657 3620 factum
681 3547 814 3621 sciret:
841 3547 881 3621 id
901 3547 1002 3644 qnod
1018 3571 1063 3620 ex
1080 3548 1160 3642 ipso

106 3672 214 3736 textu
246 3660 446 3757 Scripturae
485 3659 614 3754 (Num.
643 3659 692 3733 xi.
713 3661 778 3755 25)
816 3661 1054 3734 manifestum
1082 3669 1159 3733 est:

106 3774 321 3848 Descendit
330 3773 514 3847 Dominus
518 3797 597 3873 per
607 3773 1012 3873 uubem,etc.aufereus
1024 3773 1162 3872 despi-

107 3888 200 3978 rr‘tu,
218 3886 285 3985 qui
308 3897 396 3960 erut
416 3887 456 3960 iu
473 3886 596 3977 Mose,
615 3896 654 3960 et
674 3887 770 3961 daur
787 3888 1038 3986 septuaginta
1054 3887 1161 3960 uiris.

107 4001 309 4097 Postquam
331 4011 456 4074 eutem
478 4001 696 4074 nunciatum
719 4014 827 4092 esset,
846 4001 946 4098 qnod
961 4000 1161 4097 propheta-

108 4125 204 4203 rent,
223 4114 317 4186 dixit
333 4115 449 4188 Josua
465 4115 514 4190 ad
532 4116 666 4189 Mosen
681 4116 809 4207 (Num.
824 4116 873 4190 xi.
888 4119 971 4210 28):
1001 4115 1162 4189 Domiue

108 4227 169 4318 rui,
190 4227 356 4326 prohibe
383 4253 458 4302 eos.
517 4230 642 4304 Moses
672 4239 798 4302 eutem
827 4228 1030 4325 respondit,
1062 4227 1165 4313 Quid
