2912 4912
675 319 729 370 DE
750 318 934 370 HOMINE.

692 829 860 902 CAPUT
885 827 934 901 X.

506 1012 561 1063 DE
589 1012 791 1065 SBRMONE
819 1013 871 1063 ET
898 1012 1122 1063 SCIENTIIS.

293 1156 320 1211 1.
341 1151 442 1210 Sermo
465 1151 617 1220 definitus;
636 1153 746 1209 bomini
770 1154 915 1228 proprius.
952 1157 982 1211 9.
1003 1153 1151 1212 Sermonis
1177 1154 1272 1230 origo.
1312 1157 1342 1213 8.

331 1242 478 1302 Sermonis
491 1245 643 1302 commodn
656 1253 685 1301 ct
698 1245 889 1302 incommodo„
929 1250 959 1304 t.
981 1245 1108 1304 Scientis
1118 1254 1149 1302 et
1161 1245 1343 1304 demonstra·

330 1337 372 1392 tio
385 1338 517 1393 oriuntur
529 1356 566 1393 ex
580 1337 745 1413 cognitione
764 1356 926 1394 causarum.
966 1341 996 1396 5.
1015 1337 1210 1395 Theoremnts
1221 1338 1344 1394 demon-

330 1428 459 1485 strabilis
480 1439 548 1486 sunt
571 1430 601 1484 in
623 1430 658 1484 iis
678 1437 792 1485 tantum
816 1429 903 1485 rebus
926 1447 1049 1504 quarum
1070 1447 1166 1485 cnusae
1187 1430 1218 1485 in
1243 1437 1344 1485 nostra

331 1529 471 1595 potestate
491 1530 578 1588 sunt3
596 1521 626 1577 in
640 1523 752 1578 ceteris
774 1529 887 1578 tuntum
908 1520 1131 1578 demonstrabile
1153 1530 1198 1578 est
1220 1522 1264 1578 its
1280 1540 1344 1578 m

330 1631 423 1688 posse.

102 1755 251 1880 suerin
297 1741 329 1803 l.
357 1731 503 1804 Snnrro
532 1732 609 1804 sive
636 1730 756 1804 oratio
783 1739 839 1803 est
864 1730 1128 1804 vocabulorum
1146 1741 1345 1803 contextus

107 1844 445 1936 *ffarbitrio
462 1845 654 1917 hominum
672 1843 971 1932 constitutorum,
990 1842 1039 1915 ad
1059 1843 1345 1940 significandam

81 1974 281 2025 ommno.
293 1958 424 2030 seriem
442 1968 692 2052 conceptuum
705 1979 834 2028 earum
850 1979 976 2028 rerum
1002 1979 1094 2082 quas
1122 1957 1345 2052 cogitamus.

294 2069 423 2164 Itaque
439 2081 484 2141 ut
499 2067 722 2141 vocobulum
739 2078 796 2140 cst
812 2067 861 2139 ad
881 2067 1048 2140 ideam
1020 2091 1097 2141 srvc
1120 2081 1345 2165 conceptum

292 2184 403 2255 unius
420 2183 486 2270 rei,
503 2181 558 2255 ita
584 2197 640 2254 est
666 2205 788 2255 sermo
816 2181 865 2254 ad
892 2181 1100 2254 discursum
1115 2181 1242 2254 animi.
1296 2184 1346 2256 Et

292 2296 440 2368 videtur
455 2294 597 2367 homini
622 2295 793 2391 proprius
820 2318 911 2367 esse.
963 2294 1059 2367 Nam
1078 2295 1150 2367 etsi
1164 2297 1346 2368 nonnulla

80 2038 281 2097 honiniproprius

294 2407 468 2482 animalia
482 2409 594 2484 bruta
611 2408 838 2504 concipiunt,
850 2431 921 2480 usu
937 2407 1060 2496 docto,
1078 2431 1124 2479 ea
1140 2431 1224 2504 quae
1241 2410 1347 2482 volu·

294 2545 377 2594 mus
400 2532 439 2594 et
465 2521 701 2617 imperamus,
728 2532 883 2617 propter
909 2521 1034 2609 verbo,
1051 2545 1129 2594 non
1151 2535 1280 2597 tumen
1307 2523 1347 2596 id

294 2635 436 2708 faciunt
451 2644 606 2731 propter
620 2634 735 2706 verbo
747 2645 931 2730 quatenus
942 2635 1068 2722 verba,
1082 2634 1148 2708 sed
1159 2649 1346 2731 quatenus

295 2749 403 2844 signa
418 2758 527 2832 sunt;
552 2773 641 2821 nam
657 2747 706 2820 od
723 2772 836 2843 quam
851 2771 931 2820 rem
948 2748 1227 2844 significandum
1245 2751 1346 2823 arbi-

295 2863 368 2935 trio
383 2862 577 2936 hominum
594 2861 797 2934 constituto
818 2872 917 2951 sunt,
934 2861 1116 2934 nesciunt.

347 2976 576 3071 significatio
593 2985 730 3064 autem,
749 2999 832 3071 quae
857 2975 901 3048 fit
925 2997 993 3071 per
1015 2998 1144 3047 vocem
1168 2975 1281 3048 unius
1296 2977 1348 3049 ad

295 3089 453 3161 alterum
477 3090 517 3161 in
542 3088 675 3162 eodem
702 3111 839 3184 genere
868 3088 1091 3177 animalium,
1108 3087 1193 3161 idco
1221 3113 1347 3164 sermo

297 3226 371 3274 non
400 3211 468 3289 est,
486 3202 573 3298 quia
588 3225 665 3275 nou
682 3201 833 3274 arbitrio
860 3201 1024 3297 ipsorum
1040 3201 1108 3274 sed
1123 3203 1347 3276 necessitate

295 3327 440 3388 naturae
470 3339 546 3388 suae
572 3338 682 3389 voces
707 3315 792 3404 illae,
816 3315 948 3411 quibus
973 3339 1068 3410 spese,
1095 3327 1229 3404 metus,
1252 3341 1347 3412 gau-

296 3427 411 3516 dium,
446 3437 531 3516 etc„
565 3427 833 3522 significantur,
868 3428 915 3500 ab
948 3428 1037 3523 ipsis
1058 3427 1293 3524 passionibus
1309 3431 1347 3502 vi

297 3541 565 3637 exprimuntur.
617 3539 677 3612 lut
706 3540 832 3634 itaque
859 3540 899 3612 in
925 3539 1155 3630 animalibus,
1185 3565 1347 3637 quorum

295 3655 447 3729 vocibus
476 3654 667 3726 minimam
690 3653 874 3751 contingit
899 3653 1019 3726 inesse
1044 3654 1275 3746 varietatem,
1302 3669 1347 3730 ut

295 3769 411 3844 altera
427 3769 474 3842 ab
492 3767 618 3841 alteris
635 3767 852 3841 diversitate
868 3791 1003 3840 vocum
1019 3766 1059 3839 in
1075 3767 1250 3864 periculis
1266 3795 1348 3844 mo-

294 3894 455 3956 neantur
465 3893 510 3954 ut
519 3881 678 3978 fugiant,
689 3892 890 3954 evocentur
901 3880 950 3953 ad
961 3892 1120 3977 pastum,
1134 3881 1348 3958 excitentur

294 3995 342 4068 nd
369 4006 533 4084 cautum,
563 3993 796 4068 solicitcntur
821 3993 869 4067 od
898 4017 1088 4076 amorcm3
1113 4017 1190 4068 non
1216 4006 1346 4070 tumen

293 4133 402 4182 voces
418 4109 491 4182 illae
519 4131 640 4182 sermo
658 4117 757 4197 sunt,
775 4132 861 4181 eum
878 4131 956 4180 non
970 4106 1162 4180 voluntate
1178 4106 1347 4203 ipsorum

293 4222 507 4296 constitutas
538 4221 625 4310 sint,
648 4219 714 4294 sed
731 4232 927 4317 erumpant
942 4220 979 4294 vi
996 4232 1142 4296 noturae
1158 4225 1346 4322 aproprio
