2848 4908
313 311 384 380 284
725 323 956 382 ruannruu.

381 864 428 915 DE
447 863 565 914 cnus1s
584 863 751 914 INTERNIS
769 865 965 916 CIVITA'I’EM
982 865 1286 916 ntssotvnu'maus

316 971 342 1026 1.
362 965 575 1026 iudicationem
598 965 667 1024 boni
690 972 719 1024 et
742 966 809 1025 mali
836 965 872 1026 ad
899 967 1026 1046 singulos
1047 967 1200 1044 pertinere,
1222 967 1345 1026 seditiosa

353 1057 460 1134 opinio.
498 1059 525 1117 2.
547 1057 671 1116 Peccare
686 1058 815 1117 subditos
835 1059 997 1118 obediendo
1010 1059 1189 1136 principibus
1201 1061 1267 1130 suis,
1280 1059 1344 1118 sedi·

351 1149 425 1208 tiosa
435 1149 541 1226 opinio.
581 1153 609 1210 8.
632 1149 867 1228 Tyrannicidium
888 1169 949 1210 esse
962 1151 1082 1222 licitum,
1096 1153 1231 1211 seditiosa
1247 1151 1344 1228 opinio

352 1245 381 1302 t.
401 1239 554 1319 Subjectos
566 1259 627 1300 esse
640 1241 751 1320 legibus
772 1243 903 1302 civilibus
924 1245 1010 1303 etiam
1028 1262 1077 1302 eos
1096 1245 1147 1321 qui
1161 1245 1266 1303 babent
1278 1261 1344 1301 snm·

352 1352 431 1391 mum
445 1333 604 1410 imperium,
618 1335 751 1394 seditiosa
759 1337 864 1412 opinio.
904 1339 932 1396 5.
952 1329 1109 1412 Imperium
1122 1355 1264 1395 summum
1272 1351 1345 1410 posse

351 1425 450 1496 dividi,
460 1426 595 1484 seditiosa
607 1427 713 1501 opinio.
752 1431 780 1488 6.
802 1427 902 1486 Fidem
916 1435 945 1486 et
955 1428 1135 1486 sanctitatem
1149 1445 1206 1486 non
1220 1427 1310 1484 studio
1321 1433 1345 1482 ct

352 1518 462 1576 ratione
475 1517 594 1595 acquiri,
607 1518 657 1576 sed
671 1535 784 1595 semper
792 1518 1044 1596 supernaturaliter
1052 1517 1165 1576 infundi
1174 1527 1203 1577 et
1216 1517 1345 1593 inspirari,

346 1610 486 1669 seditiosa
502 1610 610 1688 opinio.
654 1611 683 1673 7.
704 1609 823 1670 Civibus
836 1610 954 1688 singulis
971 1629 1032 1669 essa
1050 1627 1146 1670 rarum
1160 1629 1274 1668 suarum
1289 1627 1345 1686 pro·

351 1702 512 1778 prietatem,
538 1702 597 1760 sive
632 1700 790 1760 dominium
823 1700 997 1770 absolutum,
1023 1701 1158 1761 seditiosa
1182 1702 1285 1777 opinio.
1321 1701 1344 1756 a.

352 1794 402 1852 Ad
422 1791 590 1852 seditionem
612 1793 747 1870 disponit,
770 1793 880 1852 nescire
904 1793 1093 1852 differentiam
1118 1793 1195 1850 inter
1218 1792 1344 1870 populun

352 1893 381 1943 et
404 1885 625 1944 multitudinem.
664 1889 693 1946 9.
715 1884 763 1942 Ad
790 1885 960 1943 seditionem
981 1885 1107 1962 disponit
1130 1885 1244 1944 exactio
1269 1885 1345 1942 nimia

352 1978 550 2054 pecuniarum,
577 1977 707 2054 quamvis
731 1975 810 2054 justa
843 1982 872 2036 et
903 1979 1069 2036 necessaria
1128 1980 1173 2037 10.
1207 1977 1255 2035 Ad
1283 1975 1346 2034 sedi·

352 2069 461 2127 tionem
486 2070 612 2147 disponit
638 2068 766 2127 ambitio.
808 2071 853 2128 11.
874 2067 923 2126 Ad
952 2069 1120 2127 seditionem
1145 2069 1271 2146 disponit
1291 2087 1345 2144 spat

352 2179 508 2220 successus.
551 2165 597 2222 ta.
618 2161 726 2230 Virtus,
745 2179 802 2238 qua
816 2178 889 2237 opus
909 2167 952 2219 ast
965 2161 1001 2219 ad
1015 2161 1170 2219 seditiones
1184 2161 1345 2228 excitandas,

352 2253 412 2312 sola
426 2254 591 2330 eloquentia
600 2263 643 2312 est
656 2254 717 2311 sine
731 2253 879 2330 sapientia.
912 2257 957 2313 18.
979 2253 1132 2318 Quomodo
1146 2252 1267 2312 stultitia
1279 2251 1346 2328 vulgi

352 2352 381 2403 et
402 2344 565 2422 eloquentia
584 2345 808 2414 ambitiosorum,
827 2353 1000 2403 concurrant
1017 2344 1054 2403 ad
1075 2345 1282 2421 rempublicam
1300 2345 1346 2404 dis·

352 2436 526 2496 solvendam.
635 2467 638 2474 ⁴

119 2570 215 2623 ποτ,
231 2571 282 2624 ur.
318 2536 349 2604 l.
378 2528 608 2604 Hacnnnus
639 2529 771 2624 quibus
789 2529 909 2603 causis
927 2529 1115 2626 atquibus
1136 2529 1255 2625 pactis
1272 2527 1346 2602 eivi-

128 2649 272 2756 ss
312 2652 407 2718 tates
435 2643 646 2718 eonstitntae
675 2643 760 2732 sint,
779 2651 816 2717 et
833 2666 914 2740 quae
941 2643 1014 2717 sint
1040 2642 1300 2739 imperantium
1315 2640 1345 2712 in

115 2787 278 2834 ruotrudem
312 2757 518 2854 aivasjura,
537 2755 761 2831 dictumest.
811 2758 895 2831 Jarn
921 2756 1051 2852 quibus
1076 2756 1195 2830 causis
1221 2754 1345 2828 eaedem

115 2853 299 2977 mmm
314 2870 569 2962 dissolvantur,
588 2871 663 2944 sive
682 2871 727 2943 de
741 2869 860 2944 caiuss
877 2867 1109 2960 seditionum,
1122 2867 1285 2944 breviter
1300 2865 1345 2938 di-

115 2984 294 3104 ffifflffiffl
312 2984 470 3092 candum
488 2995 554 3058 est.
607 2983 929 3059 Quemadmodum
945 2995 1070 3057 autam
1096 2984 1135 3056 in
1153 2993 1260 3057 motu
1278 3003 1346 3055 eor-

311 3121 443 3194 porum
460 3097 682 3176 naturalium
696 3094 962 3171 consideranda
972 3096 1045 3170 tria
1058 3108 1158 3187 sunt,
1171 3095 1346 3184 nimirum,

312 3211 514 3310 dispositio
533 3211 693 3302 interna,
711 3220 753 3285 nt
770 3210 845 3285 sint
871 3209 1100 3307 producendi
1128 3219 1250 3283 motus
1281 3231 1347 3282 sus

311 3322 518 3419 ceptibilia;
545 3349 666 3424 agene
693 3333 897 3412 externum,
927 3347 999 3419 quo
1028 3333 1151 3396 motus
1169 3335 1293 3396 certus
1317 3331 1347 3393 et

310 3435 574 3511 determinatus
591 3449 678 3512 actu
693 3437 944 3534 producatur;
970 3445 1007 3510 et
1038 3435 1125 3535 ipso
1153 3435 1281 3509 actio:
1304 3435 1348 3506 ita

310 3549 422 3623 etiam
438 3550 477 3622 in
495 3550 655 3642 civitate,
673 3550 737 3624 ubi
754 3549 851 3624 cives
878 3550 1162 3636 tumultuantur,
1181 3549 1254 3622 tria
1271 3571 1347 3622 eon·

310 3662 504 3738 siderando
521 3674 730 3752 occurrunt,
747 3663 918 3760 primum,
937 3661 1121 3735 doctrino
1142 3671 1181 3734 et
1198 3663 1348 3758 offertor

308 3777 393 3875 paci
418 3777 604 3868 contrarii,
624 3776 755 3872 quibus
774 3775 1001 3872 singulorum
1025 3774 1138 3847 animi
1156 3773 1347 3872 disponun-

310 3903 395 3978 tur;
423 3889 636 3982 secundum,
655 3889 784 3987 quales
802 3899 889 3962 sunt
914 3887 977 3984 qui
1001 3889 1078 3984 jam
1096 3888 1293 3984 dispositos
1308 3884 1348 3960 ad

310 4003 551 4078 secessionem
579 4013 617 4076 et
644 4026 746 4076 orma
779 4000 989 4090 sollicitant,
1024 4009 1243 4092 convocant,
1268 3999 1347 4075 diri-

309 4127 490 4213 guntque;
509 4116 672 4198 tertium,
685 4116 816 4189 modus
828 4138 901 4211 quo
915 4112 955 4187 id
969 4115 1025 4204 fit,
1038 4115 1113 4187 sive
1127 4113 1345 4212 ipsofactio.

312 4229 570 4304 Doctrinarum
588 4241 722 4320 autern,
743 4253 823 4326 quta
838 4227 884 4302 od
903 4227 1122 4302 seditionem
1142 4227 1345 4323 disponunt,
