2918 4912
290 265 347 318 nn
369 263 549 319 uncinus
569 263 747 318 auruum
768 261 979 322 unntaurs.
1086 247 1156 314 193

110 435 257 510 dinibus
275 433 367 508 faeti
383 431 555 530 injungit,
574 439 615 505 at
631 429 696 504 abi
711 429 828 530 agno
843 428 1066 527 cartafacti
1084 453 1156 504 ooo
1186 461 1283 514 sacr,
1299 461 1350 516 ιιι,

111 556 322 648 apparent,
350 547 404 619 ibi
421 544 620 619 secandam
638 553 766 634 testes,
787 543 854 643 qui
879 543 1032 643 utrique
1042 541 1157 643 parti
1197 539 1341 644 „L

113 661 291 736 videatur
308 659 417 757 aqui,
441 657 663 732 senteutiam
689 667 840 755 regant

162 783 226 849 24.
255 773 312 847 Ex
330 796 442 870 supra
451 771 611 846 adducta
624 769 728 844 arbit
712 779 765 844 trr
759 767 1190 866 definitioneintelligi
1173 781 1258 824 1³¹¹*
1228 776 1357 886 ”mii

112 911 226 986 porro
244 896 380 983 potest,
400 883 535 958 uallum
547 893 646 984 pact
648 909 705 956 aaa
723 883 783 956 oet
793 885 1022 983 promissam
1041 884 1159 958 inter·
1170 847 1237 956 iffi
1237 855 1364 952 ffiirim

113 999 264 1090 cedere,
296 999 397 1072 inter
428 997 547 1096 ipram
577 1005 615 1070 et
643 1006 794 1096 portes,
824 1021 979 1095 quorum
1012 989 1214 1070 orln'tcrpm
1172 972 1326 1036 mm
1446 989 1447 1006 ¹

112 1113 345 1188 constitutae
362 1121 432 1201 eet,
445 1111 553 1207 cajus
570 1111 606 1184 oi
624 1109 823 1184 teneatur
809 1136 845 1183 m
862 1111 1034 1210 gratiam
1045 1110 1163 1185 otter-

114 1227 242 1300 atrr'as
264 1225 400 1324 portis
425 1223 686 1324 pronunciare
699 1251 714 1308 ‚·
741 1249 858 1322 oeque
881 1227 989 1322 cuja
1006 1225 1043 1300 oi
1061 1235 1162 1300 teoc-

114 1349 205 1414 atur
233 1339 289 1413 od
315 1337 359 1412 id
371 1339 711 1438 pronunciandam,
729 1339 833 1436 qaod
848 1364 987 1438 aquom
1015 1349 1085 1428 cat,
1104 1338 1164 1412 oet

114 1479 259 1552 aquam
290 1477 374 1525 estc
401 1461 564 1524 censeat.
615 1451 810 1548 Obligatur
844 1453 994 1550 quidem
1024 1452 1163 1528 arbiter

116 1566 341 1643 sententiam
368 1564 467 1639 illam
494 1565 591 1640 ferre
609 1589 719 1663 quam
747 1578 872 1640 censet
901 1589 980 1640 esse
1004 1589 1163 1662 aequom,
1287 1625 1292 1640 .

116 1704 183 1778 per
217 1678 341 1776 legem
371 1689 513 1752 naturae
544 1701 626 1775 quae
659 1692 874 1753 recensetur
911 1679 1066 1753 articulo
1104 1688 1161 1754 15.

119 1795 236 1890 Cujus
253 1792 346 1889 legis
357 1791 573 1888 obligationi
590 1790 682 1864 nihil
695 1803 751 1866 est
765 1792 865 1889 quod
880 1791 967 1867 addi
984 1793 1101 1890 possit
1117 1817 1163 1867 ex

116 1917 240 2005 pacto.
268 1907 420 1980 Frustra
436 1905 549 2003 igitur
566 1917 661 1978 esset
678 1917 827 2002 pactum
844 1907 930 1980 tale.
967 1907 1161 1999 Praeteraa‚

115 2023 149 2096 si
180 2020 405 2096 sententiam
434 2020 598 2116 iniquam
626 2018 761 2110 ferens,
788 2045 934 2118 aquam
968 2045 1048 2096 eam
1084 2044 1163 2096 esse

116 2135 372 2225 contenderet,
389 2133 460 2208 nisi
476 2145 626 2230 pactum
643 2133 718 2208 tale
735 2133 936 2208 invalidum
953 2135 1014 2226 sit,
1038 2159 1164 2208 mene-

115 2259 175 2322 ret
207 2247 458 2323 controversia
482 2259 567 2344 post
590 2249 812 2322 sententiam
841 2247 965 2340 latam,
984 2249 1084 2346 quod
1109 2259 1166 2322 est

115 2374 252 2437 contra
269 2361 397 2436 arbitri
415 2361 730 2452 constitutionem,
749 2362 812 2459 qui
829 2361 876 2436 ab
891 2363 943 2436 eis
956 2363 1009 2436 ita
1026 2364 1165 2436 electus

116 2487 185 2567 est,
216 2487 261 2549 ut
290 2475 448 2550 invicem
482 2475 724 2572 obligaverint
758 2499 797 2550 se
824 2501 892 2574 pro
918 2489 1002 2550 reta
1030 2477 1165 2550 habere

115 2589 354 2679 sententiam,
383 2613 493 2686 quam
515 2587 576 2661 ille
603 2589 911 2686 pronunciaverit.
962 2589 1167 2665 Arbitrium

117 2727 209 2800 ergo
238 2703 300 2776 lex
327 2712 469 2778 naturae
496 2701 652 2776 liberum
673 2703 780 2800 jubet
803 2729 904 2790 csse3
932 2703 972 2777 id
999 2703 1098 2800 quod
1120 2704 1167 2780 sit

116 2828 349 2914 praeceptum
366 2819 444 2914 ejus
461 2815 644 2891 decimum
661 2841 812 2892 nonum.

169 2940 233 3006 25.
261 2931 375 3004 Porro
387 2929 684 3026 quandoqmdem
693 2931 794 3029 leges
807 2943 950 3006 noturae
963 2931 1054 3006 nihil
1067 2931 1263 3006 aliud¹¹⁸
1181 2941 1263 2986 ¹³¹³·
1262 2943 1318 2983 Μ
1326 3007 1362 3046 o

117 3056 218 3134 sunt,
242 3053 377 3140 praeter
394 3043 470 3117 dict
455 3054 534 3118 teta
550 3055 661 3118 rcctae
677 3044 843 3136 rationis
869 3045 922 3120 ite
938 3057 982 3119 ut
998 3046 1069 3120 uisi
1086 3047 1167 3143 quis
1179 3005 1360 3180 iltjiiiifllt
1363 3017 1376 3046 ²

118 3168 222 3232 reete
251 3155 497 3231 ratiocinandi
522 3154 737 3231 facultatem
763 3181 978 3234 conservare
1002 3133 1383 3258 conetutil‘mmffissffifflm

119 3273 222 3368 leges
240 3282 385 3344 naturae
403 3271 597 3345 observare
610 3293 685 3344 non
701 3283 847 3366 potest;
865 3273 1101 3348 manifestum
1114 3283 1171 3347 est

118 3409 218 3478 cum,
239 3382 302 3480 qui
319 3383 447 3457 volens
472 3381 665 3480 sciensque
689 3384 885 3477 eafecerit,
900 3387 1033 3484 quibus
1055 3387 1171 3462 sacul-

119 3511 176 3574 tas
198 3497 390 3572 rationalis
409 3497 620 3572 destruatur
636 3498 696 3572 vel
713 3498 965 3590 labefactetur,
986 3501 1171 3575 volentem

116 3613 374 3708 scientemque
391 3611 511 3708 legem
528 3623 671 3686 naturae
684 3612 833 3688 violare.
887 3613 990 3688 Nihil
1002 3613 1101 3688 enim
1115 3613 1171 3687 in-

120 3839 265 3928 volens,
290 3861 364 3936 quo
382 3837 503 3912 minus
518 3839 679 3912 officium
695 3839 847 3936 implere
863 3841 991 3938 possit.
1043 3839 1171 3914 Ratio-

119 3951 275 4028 cinandi
293 3961 417 4026 autem
434 3952 649 4026 facultatem
665 3953 860 4028 destruunt
876 3956 934 4028 vel
946 3953 1172 4028 labefactant

121 4065 294 4140 homines
319 4065 382 4162 qui
404 4065 546 4140 faciunt
567 4090 622 4156 ea,
647 4068 780 4164 quibus
801 4091 904 4141 mens
925 4067 971 4142 de
992 4075 1089 4141 statu
1106 4088 1172 4139 suo

121 4178 285 4254 naturali
315 4177 545 4274 deturbatur,
571 4179 611 4255 id
639 4181 740 4277 quod
768 4181 1062 4257 manifestissime
1085 4203 1173 4255 con-

223 4313 320 4366 von.
340 4314 385 4368 11.
1045 4317 1071 4368 0
