2918 4912
278 329 333 381 na
351 326 459 380 sunu
475 315 740 377 nostruonuu
761 323 806 374 ru
827 321 1000 374 suavos.
1086 305 1159 374 249

491 731 654 807 CAPUT
678 733 780 808 VIII.

326 907 372 958 uu
390 868 481 957 uuna
500 908 720 958 noumouuu
739 907 779 959 1u
798 909 942 960 suavos.

113 1029 139 1084 1.
160 1023 307 1082 Dominus
320 1031 350 1082 et
362 1043 471 1091 servus,
481 1021 552 1102 quid
571 1025 638 1082 sint
677 1027 707 1084 2.
727 1024 884 1083 Distinetio
896 1043 1055 1093 servorum,
1068 1025 1097 1082 in
1111 1043 1162 1084 eos

150 1117 202 1192 qui
215 1115 274 1172 fide
288 1115 387 1172 nabin
396 1115 528 1172 libertate
539 1114 675 1173 fruuntur
685 1117 815 1185 naturali,
826 1125 856 1175 et
868 1117 1026 1194 ergastulos
1038 1117 1098 1174 sive
1111 1135 1162 1174 eos

151 1208 202 1283 qui
216 1219 334 1264 carcere
343 1203 389 1264 vel
397 1206 585 1282 compedibus
598 1207 686 1264 vincti
700 1209 836 1265 serviunt.
877 1212 906 1266 3.
928 1207 1075 1284 Obligatio
1086 1209 1160 1266 servi

150 1301 279 1357 nascitur
292 1318 329 1356 ex
339 1317 475 1357 concessa
488 1299 514 1356 ei
535 1318 553 1357 a
575 1299 692 1357 domiuo
705 1299 837 1358 libertate
851 1301 988 1376 corporis.
1028 1304 1058 1358 4.
1079 1299 1162 1358 Servi

149 1392 242 1450 vincti
262 1391 386 1448 dominis
399 1409 457 1448 non
471 1397 606 1448 tenentur
620 1398 716 1466 pacto.
750 1395 780 1451 5.
800 1389 884 1448 Servi
898 1409 956 1449 non
971 1391 1077 1450 babent
1095 1409 1162 1467 pro·

148 1485 304 1560 prietatem
317 1483 347 1538 in
362 1482 444 1540 bonis
456 1483 515 1539 suis
528 1490 629 1540 contra
642 1482 800 1540 dominum.
838 1486 869 1542 6.
888 1480 1034 1540 Dominus
1046 1501 1161 1540 servum

148 1583 246 1651 potest
258 1573 393 1640 vendere,
407 1572 453 1630 vel
473 1581 644 1630 testamento
664 1573 797 1631 alienare.
836 1575 865 1636 7.
885 1571 1030 1632 Dominus
1053 1574 1082 1630 in
1102 1594 1161 1634 ser·

150 1686 220 1724 vum
234 1665 357 1742 injurius
370 1685 431 1723 esse
449 1685 508 1723 non
530 1673 634 1742 potest.
675 1669 704 1724 8.
725 1665 871 1724 DomInus
885 1667 993 1723 domini
1007 1675 1051 1724 est
1070 1667 1161 1725 domi-

149 1775 206 1815 nus
223 1775 379 1814 servornm.
420 1761 450 1817 9.
470 1755 584 1821 Quibus
593 1757 686 1815 modis
695 1759 769 1816 servi
782 1759 950 1816 liberantur.
991 1761 1038 1818 10.
1058 1757 1161 1816 Domi-

150 1850 233 1908 nium
246 1851 276 1906 iu
291 1850 397 1908 bestias
410 1849 485 1925 juris
499 1850 637 1907 naturalis
650 1863 703 1908 est.

115 1975 147 2041 l.
174 1967 349 2042 Duobus
368 1967 548 2062 capitibus
564 1968 730 2063 proxime
753 1970 1000 2066 superioribus
1018 1970 1159 2044 dictum
1194 2001 1291 2052 sacr.
1304 2003 1358 2052 111.

109 2091 169 2153 est
185 2079 233 2153 de
263 2081 419 2153 civitate
445 2080 669 2171 institution,
687 2105 819 2177 nempe
847 2107 929 2179 quae
959 2085 1160 2157 multorum
1201 2080 1345 2182 ss

107 2194 366 2282 consensione,
384 2193 505 2288 quise
529 2194 688 2266 invicem
713 2197 832 2291 pactis
862 2208 901 2270 et
929 2197 1003 2270 fide
1031 2209 1159 2271 mutuo
1174 2218 1361 2294 munuum

106 2307 199 2380 data
214 2306 504 2395 obstrinxerunt,
522 2307 614 2379 inita
636 2317 702 2380 est.
756 2309 970 2406 Sequuntur
982 2313 1061 2407 jam
1078 2336 1160 2408 quae
1173 2284 1345 2340 'm'qmd'm‘

110 2420 271 2494 dicenda
286 2430 372 2493 sunt
386 2419 431 2492 de
446 2420 602 2493 civitate
614 2422 797 2513 naturali,
812 2448 895 2519 quae
912 2436 950 2497 et
968 2424 1161 2522 aequisita

109 2535 184 2607 dici
200 2544 336 2631 potest,
355 2533 491 2631 quippe
509 2557 592 2629 quae
616 2535 820 2631 acquiritur
835 2538 1005 2633 potentia
1021 2547 1058 2611 et
1074 2537 1161 2609 viri-

107 2649 178 2722 bus
204 2648 447 2720 naturalibus.
502 2646 700 2720 Sciendum
724 2660 848 2722 autem
876 2649 915 2722 in
938 2650 1065 2746 primis
1092 2660 1160 2740 est,

107 2761 243 2858 quibus
258 2760 378 2834 modis
386 2761 447 2856 jus
462 2759 616 2832 dominii
632 2762 773 2856 acquiri
784 2774 908 2859 potest
925 2763 964 2835 in
973 2784 1161 2860 personas

108 2876 314 2949 bominum.
367 2874 441 2948 Ubi
457 2873 531 2946 tale
545 2875 606 2969 jus
621 2875 841 2970 acquisitum
855 2887 923 2966 est,
936 2877 988 2951 ibi
1001 2897 1161 2974 paruum

106 2987 299 3085 ‘quoddam
312 3012 469 3084 regnum
483 2997 549 3060 est.
576 2987 721 3085 Regem
735 2989 834 3062 euim
848 3013 939 3075 esse,
949 2989 1044 3063 nibil
1061 2989 1163 3063 aliud

107 3113 166 3174 est
195 3125 308 3197 quam
336 3098 535 3172 dominium
561 3099 697 3174 babere
724 3101 764 3174 in
783 3126 976 3200 personae
1002 3103 1160 3186 multas;

107 3227 222 3310 atque
257 3214 349 3287 adeo
368 3212 533 3310 familia
550 3237 701 3312 magau,
720 3238 877 3313 reguum
888 3243 902 3299 ;
941 3225 979 3289 et
1005 3239 1163 3315 reguum

102 3351 280 3427 parvum,
284 3326 449 3424 familia
463 3337 531 3400 est.
559 3327 612 3400 Ut
624 3327 817 3401 redeamus
827 3329 962 3403 iterum
973 3331 1012 3403 in
1025 3341 1162 3403 statum

107 3439 330 3528 naturalem,
359 3438 705 3535 consideremusque
733 3440 900 3515 homiues
922 3453 1101 3538 tanquam
1131 3442 1163 3514 si

109 3564 236 3627 essent
262 3554 414 3648 jamjam
442 3552 563 3625 subito
591 3577 611 3625 e
639 3565 740 3626 terra
763 3555 962 3651 fungorum
979 3580 1082 3629 more
1100 3581 1160 3630 ex-

108 3668 184 3741 orti
211 3679 250 3740 et
267 3665 396 3755 adulti,
415 3667 493 3739 sine
517 3667 617 3739 omni
642 3666 750 3741 unius
774 3668 823 3741 ad
846 3670 1004 3742 alterum
1022 3669 1162 3766 obliga-

111 3782 230 3863 tione;
245 3792 322 3853 tres
335 3789 482 3852 tantum
494 3779 595 3852 modi
608 3791 705 3870 sunt,
712 3781 844 3877 quibus
855 3781 950 3856 alter
959 3783 998 3855 in
1009 3783 1160 3855 alterius

109 3913 309 3990 personam
327 3893 525 3966 dominium
551 3894 688 3968 babere
714 3905 848 3991 potest.
902 3896 1068 3970 Quorum
1084 3896 1160 3991 pri-

113 4031 195 4080 mus
222 4018 289 4096 est,
318 4007 348 4079 si
377 4005 554 4096 volentes
581 4007 682 4103 pacis
709 4022 748 4080 et
774 4020 912 4081 mutuae
939 4007 1161 4082 defensionis

110 4145 235 4210 eausa,
259 4121 298 4192 in
325 4120 505 4193 ditionem
532 4132 571 4194 et
599 4120 796 4193 (minimam
823 4122 977 4216 alicujus
1001 4121 1162 4195 hominis

111 4234 172 4308 vel
188 4244 306 4307 coetus
323 4233 514 4308 hominum
532 4234 602 4330 ipsi
618 4257 697 4307 sese
714 4234 832 4330 pactis
848 4234 987 4308 mutuis
1009 4235 1106 4310 inter
1122 4259 1162 4310 se
