2918 4912
213 299 269 352 nn
288 299 395 354 suun
415 299 645 355 ιιιιιιιιιιιιιι
666 301 712 352 ιιι
732 300 923 370 unroco,
942 299 1030 352 nro.
1082 281 1155 362 257

107 491 185 563 qno
202 467 357 564 quilibet
374 468 477 558 alius,
495 481 619 543 tamen
633 470 746 566 filius
764 471 847 568 jure
873 495 948 545 non
969 479 1093 568 potest
1109 467 1158 544 od
1185 499 1284 552 socr.
1298 499 1349 550 111.

109 592 270 654 matrem
286 605 325 654 se
343 581 553 656 transferre.
1196 575 1340 682 ,ξύ

163 704 199 768 5.
228 693 410 784 Secundo,
424 694 455 766 si
473 704 593 768 mater
609 695 705 769 bello
724 706 832 794 capta
848 697 909 788 sit,
926 706 1038 770 natus
1051 721 1097 770 ex
1114 719 1158 770 ea
1170 727 1332 773 smne·

111 807 294 904 capientis
311 817 379 896 est,
395 817 591 904 propterea
604 807 703 904 quod
720 809 782 905 qui
801 809 998 883 dominium
1013 810 1051 883 in
1062 833 1157 908 per·
1169 793 1359 916 ἘἘἘἘΠᾞ

109 944 242 992 sonam
258 919 381 1008 habet,
405 919 603 992 dominium
628 921 740 996 habet
764 921 803 994 in
824 922 949 997 omnia
970 946 1052 1019 quae
1072 922 1297 996 sentim&
1314 925 1353 966 ἰ

110 1035 217 1129 ejus:
250 1056 364 1129 quare
396 1045 435 1106 et
467 1033 506 1106 in
522 1033 664 1128 filium,
688 1047 732 1108 ut
763 1036 884 1134 capite
912 1036 1157 1134 praecedente,

109 1146 269 1220 articulo
287 1169 327 1237 v,
353 1145 493 1240 dictum
518 1158 585 1222 est.
637 1149 775 1240 Tertio,
792 1150 823 1223 si
847 1159 968 1223 mater
995 1150 1084 1223 civis
1110 1149 1159 1222 sit

111 1263 365 1358 cujuscunque
389 1259 560 1350 civitatis,
590 1261 621 1334 is
648 1259 711 1357 qui
734 1263 773 1336 in
800 1285 844 1336 ea
870 1262 1017 1336 civitate
1046 1263 1160 1336 habet

111 1397 299 1448 summum
342 1373 548 1469 imperium,
578 1373 777 1448 dominium
805 1374 955 1449 habebit
989 1375 1160 1473 ejusqui

112 1490 161 1562 ab
185 1512 231 1562 ea
253 1497 447 1560 nascetur:
474 1496 619 1561 namet
644 1489 779 1562 matris
805 1487 974 1562 dominus
991 1500 1060 1578 est,
1077 1512 1160 1585 quae

112 1599 267 1675 habenti
300 1623 481 1673 summum
513 1599 707 1696 imperium
740 1600 779 1673 in
812 1601 981 1674 omnibus
1013 1611 1161 1675 tenetur

113 1713 278 1788 obedire.
331 1714 488 1805 Quarto,
516 1713 548 1786 si
577 1713 709 1788 mulier
732 1714 811 1788 viro
843 1738 881 1788 se
904 1713 1100 1788 tradiderit
1121 1714 1161 1787 in

113 1827 203 1902 vitae
220 1826 449 1917 societatem,
466 1849 511 1900 ea
538 1826 619 1922 lege
646 1838 690 1900 ut
712 1826 905 1924 imperium
928 1825 1027 1922 apud
1042 1825 1161 1899 virum

115 1942 176 2032 sit,
202 1939 269 2039 qui
293 1940 464 2014 nascitur
488 1963 533 2014 ex
555 1940 745 2026 ambobus,
764 1941 898 2038 patrii
917 1951 984 2030 est,
1010 1950 1163 2037 propter

114 2054 313 2151 imperium
337 2054 376 2126 in
400 2062 565 2126 matrem.
635 2052 709 2127 Sed
735 2053 766 2126 si
778 2053 945 2150 foemina
968 2053 1164 2152 imperium

116 2168 259 2242 babens
270 2166 382 2262 filios
399 2189 444 2240 ex
460 2165 610 2240 subdito
627 2166 838 2263 susceperit,
853 2166 1013 2263 suscepti
1029 2165 1164 2240 matris

117 2292 215 2356 sunt
268 2279 387 2353 Aliter
403 2279 513 2368 enim,
531 2279 631 2352 salvo
651 2279 817 2375 imperio,
835 2279 966 2352 mulier
987 2279 1082 2352 filios
1099 2279 1164 2352 ha-

117 2395 205 2468 bere
230 2417 307 2466 non
335 2403 468 2490 potest.
521 2393 644 2490 Atque
660 2392 926 2484 universaliter,
944 2395 975 2468 si
992 2393 1109 2466 moris
1127 2404 1165 2468 et

104 2507 284 2606 foemiooe
303 2507 458 2581 societas
475 2507 561 2580 onio
578 2507 638 2599 sit,
660 2519 705 2581 ut
729 2508 825 2582 alter
846 2508 996 2583 alterius
1012 2506 1165 2604 imperio

119 2621 349 2719 subjiciatur,
368 2619 482 2693 liberi
498 2631 585 2694 sunt
602 2620 835 2720 imperantis.

168 2743 206 2810 6.
234 2735 419 2808 Caeterum
447 2733 485 2807 in
513 2745 613 2808 statu
637 2744 791 2824 naturae,
814 2732 994 2830 siquidem
1019 2757 1098 2806 mos
1127 2743 1166 2806 et
1179 2751 1208 2796 ιιι
1223 2751 1377 2828 pomerano
1445 2763 1446 2770 ¹

105 2848 275 2948 semino
293 2846 507 2922 societatem
531 2847 761 2936 contrabant,
775 2846 829 2920 ita
844 2857 886 2920 ut
903 2847 996 2920 alter
1012 2844 1165 2920 alterius
1177 2816 1379 2926 ffiiffi

119 2961 277 3060 imperio
295 2985 370 3035 non
388 2959 516 3050 subsit,
530 2959 613 3034 nati
629 2958 736 3033 exiis
754 2959 889 3033 matris
907 2969 1004 3048 sunt,
1015 2970 1165 3056 propter
1178 2945 1378 3062 ἘἘἘἘἘἘξ

120 3077 284 3150 rationes
314 3074 491 3148 adductus
521 3097 632 3170 supra
653 3073 809 3147 articulo
832 3073 954 3163 tertio,
972 3073 1042 3147 nisi
1059 3073 1244 3186 fllioefffi
1256 3073 1379 3184 32¹3

122 3189 244 3287 pactis
273 3188 460 3284 provisum
487 3188 546 3261 sit.
598 3187 718 3260 Poctis
745 3186 844 3260 enim
873 3196 993 3260 mater
1017 3186 1063 3260 de
1084 3189 1167 3284 jure
1180 3211 1262 3252 uuor·

125 3327 191 3376 suo
225 3301 421 3397 disponere
448 3311 574 3397 potest
602 3309 713 3397 prout
736 3300 836 3388 velit,
861 3300 1169 3396 quemadmodum

122 3418 335 3490 factumest
351 3413 438 3488 olim
455 3414 502 3486 ab
516 3411 774 3502 Amazonibus,
792 3437 876 3509 quae
892 3435 939 3486 ex
950 3413 1079 3488 vicinis
1091 3438 1169 3488 sus-

123 3541 252 3626 ceptos
269 3527 415 3616 liberos,
433 3549 557 3600 orares
582 3525 730 3623 quidem
747 3525 818 3598 illis
841 3526 1071 3616 remiserunt,
1088 3527 1171 3624 foe·

123 3643 244 3714 minas
276 3639 511 3736 sibimetipsis
531 3651 641 3735 pacto
664 3638 905 3712 retinuerunt.
958 3639 1001 3712 In
1022 3639 1171 3713 civitate

123 3777 224 3845 vero,
244 3753 274 3826 si
293 3763 505 3826 contractus
530 3751 579 3824 sit
595 3751 690 3825 inter
707 3774 847 3824 marem
863 3762 901 3825 et
904 3750 1106 3847 faeminam
1123 3750 1172 3824 ad

125 3865 451 3954 cohabitationem,
469 3864 574 3938 liberi
598 3864 714 3960 geniti
735 3863 870 3962 patric
895 3875 1003 3937 sunt:
1030 3863 1117 3958 quie
1133 3864 1172 3936 in

126 3980 297 4054 omnibus
315 3978 536 4068 civitatibus
554 3977 695 4052 scilicet
722 3977 931 4052 constitutis
949 3976 1173 4075 apartibus,

126 4119 202 4169 non
219 4118 242 4166 a
259 4091 626 4188 motribcafamiliar‚
646 4091 839 4188 imperium
853 4091 1093 4165 domesticum
1104 4090 1175 4163 viri

126 4219 195 4282 est.
248 4207 415 4280 Vocatur
427 4216 550 4280 autem
575 4205 660 4280 talis
677 4215 900 4297 contractus,
918 4204 948 4278 si
964 4205 1031 4278 fiat
1048 4228 1175 4280 secun-

230 4340 325 4394 vol..
345 4339 391 4392 11.
1055 4339 1074 4390 S
