2904 4912
234 301 288 353 un
309 301 450 353 naono
471 301 543 352 nm
564 299 643 352 run
663 297 831 352 oncrum
851 299 1018 352 novum.
1072 279 1147 362 377

104 467 256 540 nomine
285 467 449 558 Parrus,
479 467 600 556 F1m1,
627 476 665 540 et
696 465 891 542 Srmmus
924 465 1091 557 Sanam,
1106 473 1151 539 ut
1180 501 1278 554 sm,
1293 501 1346 554 m.

105 581 216 654 nniar
232 581 320 654 Dei.
1190 579 1334 684 ..L

159 703 194 766 5.
222 693 392 790 Regnum
417 704 540 766 autem
560 691 641 783 Dei,
668 692 773 788 cujus
797 691 1014 766 restituendi
1040 715 1151 766 causa
1163 707 1321 766 senumve

106 806 321 880 Cunrsrus
347 830 370 879 a
392 805 472 879 Deo
499 815 604 902 patre
628 805 760 878 missua
786 817 853 896 eat,
870 829 946 879 non
971 815 1056 878 ante
1078 777 1337 882 ini-iilfflnm

104 917 202 992 tium
220 918 343 1008 sumit,
361 942 472 1016 quam
496 918 542 991 ab
568 917 732 992 adventu
753 921 830 1016 ejus
851 917 1024 1009 secundo,
1041 917 1149 992 nimi-
1161 901 1352 1026 mili?

103 1055 191 1105 rum
214 1056 237 1105 a
260 1031 320 1105 die
343 1030 484 1128 judicii,
503 1054 587 1104 cum
612 1041 789 1104 venturus
816 1042 870 1105 est
895 1031 934 1104 in
958 1032 1150 1128 majestate

90 1145 371 1219 comitantibus
397 1143 548 1240 angelis.
600 1144 823 1219 Promissum
848 1145 947 1219 enim
972 1156 1028 1220 est
1045 1167 1152 1242 apos-

105 1258 207 1349 tolia,
236 1258 275 1330 in
291 1281 406 1354 regno
429 1256 499 1330 Dei
518 1256 748 1354 judicaturos
767 1282 805 1332 ae
823 1258 1018 1333 duodecim
1034 1260 1152 1333 tribus

106 1370 224 1444 Israel
265 1371 415 1466 (Matth.
444 1371 518 1444 xix.
543 1373 632 1467 28):
684 1371 756 1444 Vos
783 1373 849 1468 qni
875 1372 1024 1471 aequati
1057 1373 1152 1446 eatis

90 1509 166 1557 vene
184 1485 222 1556 in
239 1484 540 1582 regeneratione,
559 1509 639 1558 can
661 1483 806 1559 sederit
809 1485 922 1580 filiae
940 1484 1096 1558 hominis
1114 1485 1153 1559 in

105 1596 200 1669 aede
227 1596 439 1691 majestatie
465 1619 551 1684 aaa,
580 1595 760 1670 sedebitis
788 1607 826 1670 et
852 1621 915 1669 noa
931 1597 1153 1692 judicantes

107 1709 305 1782 duodecin
319 1707 439 1782 tribur
453 1708 592 1783 Ierael.
644 1709 689 1784 Id
703 1709 802 1806 quod
814 1708 1064 1807 praestandum
1077 1731 1153 1782 non

107 1833 178 1914 est,
195 1822 267 1896 nisi
284 1822 322 1895 in
340 1822 399 1895 die
412 1822 554 1918 judicii.
606 1823 782 1898 Nondum
808 1847 897 1921 ergo
924 1833 980 1897 est
1006 1822 1153 1896 Cams-

108 1959 189 2010 rus
216 1935 256 2009 in
281 1936 367 2008 sede
391 1936 593 2032 majestatis
613 1960 701 2010 suae.
753 1938 885 2036 Neque
901 1948 1058 2034 tempuS,
1077 1959 1151 2032 quo

108 2051 327 2124 Cnnrsrus
352 2048 520 2122 interris
542 2060 707 2123 versatus
730 2062 798 2140 est,
823 2075 978 2148 regnum
1004 2049 1151 2138 dicitur,

107 2163 176 2238 sed
193 2161 448 2261 regeneratio,
466 2161 538 2236 hoc
564 2174 631 2252 est,
650 2164 841 2238 renovatio
868 2164 943 2238 sive
968 2163 1151 2237 restitutio

106 2277 218 2374 regni
235 2275 316 2365 Dei,
335 2287 374 2348 et
396 2275 562 2350 evocatio
583 2300 710 2350 eorum
731 2277 794 2373 qui
816 2278 855 2351 in
868 2301 1035 2374 »regnum
1051 2276 1153 2350 futu·

106 2415 195 2464 rum
211 2387 412 2485 recipiendi
428 2397 544 2462 erant.
596 2389 644 2462 Et
660 2389 724 2462 ubi
742 2389 877 2464 dicitur
897 2389 1049 2486 (Matth.
1067 2413 1151 2463 xxv.

107 2503 259 2596 31,32):
286 2500 374 2574 Cam
384 2501 801 2597 reneritfiliarltorninir
813 2503 851 2575 in
861 2503 1060 2598 majestate
1069 2525 1152 2591 aaa,

105 2626 148 2690 et
165 2639 288 2689 onnes
306 2614 437 2712 angeli
454 2639 534 2688 carn
551 2640 605 2704 eo,
625 2624 711 2688 tanc
728 2614 875 2690 redebit
891 2639 1006 2714 anper
1028 2615 1154 2689 aem

106 2727 323 2824 majestatie
341 2751 416 2800 aare
426 2755 441 2810 ;
471 2737 510 2801 et
534 2727 865 2827 congregabantur
882 2738 970 2802 ante
987 2753 1066 2802 eant
1079 2751 1153 2801 om-

106 2867 176 2916 nes
192 2850 339 2941 genter,
357 2849 395 2912 et
411 2841 611 2939 reparabit
624 2867 687 2914 eos
704 2840 753 2914 ab
771 2841 935 2933 inuicem,
949 2842 1047 2915 sicat
1056 2863 1153 2939 par-

109 2966 174 3030 tor
200 2962 388 3052 segregat
404 2977 489 3027 ones
507 2953 556 3027 ab
573 2953 693 3028 laclia
706 2982 721 3027 .·
746 2953 939 3029 manifeste
955 2953 1153 3052 colligitur,

108 3067 255 3142 nullam
278 3066 442 3139 futuram
468 3067 748 3164 separationem,
770 3067 892 3164 quoad
916 3068 1049 3158 locum,
1067 3067 1154 3141 sub-

109 3182 275 3256 ditorum
302 3178 371 3252 Dei
398 3179 444 3252 ab
478 3179 592 3276 ipsius
625 3179 812 3264 hostibus;
845 3179 910 3254 sed
942 3180 1153 3278 permixtim

107 3295 274 3368 vietmos
288 3315 494 3389 esseusque
512 3293 549 3366 in
567 3292 767 3367 adventum
784 3293 960 3368 Curusrr
976 3294 1153 3369 futrmrm.

109 3408 158 3483 Id
193 3405 294 3502 quod
328 3408 567 3481 confirmatur
600 3407 713 3481 etiam
745 3431 813 3505 per
842 3408 1153 3506 comparationem

109 3521 220 3617 regni
237 3520 413 3596 coelorum
431 3545 515 3595 cum
533 3521 657 3595 tritico
683 3521 833 3596 zizaniis
850 3522 988 3608 mixto;
1014 3532 1053 3597 et
1069 3545 1154 3596 oum

109 3633 184 3706 reti
218 3640 325 3706 omne
358 3656 474 3730 genus
507 3633 664 3731 piscium
697 3636 1040 3731 comprehendente.
1101 3635 1154 3707 At

110 3770 270 3843 regnum
283 3747 431 3843 proprie
444 3746 517 3820 dici
531 3771 607 3821 non
619 3759 742 3844 potest
752 3748 951 3822 multitudo
963 3747 1154 3821 hominum

112 3885 160 3934 ex
186 3859 341 3932 subditis
365 3869 404 3932 et
419 3859 588 3933 hostibus
606 3859 713 3934 simul
731 3860 938 3957 promiscue
954 3860 1154 3934 habitanti-

110 3975 193 4046 bus.
235 3973 428 4068 Praeterea,
444 3972 620 4071 apostoli,
635 3997 719 4047 cum
737 3972 970 4048 Servatorem
986 3985 1154 4048 nostrum

112 4086 397 4182 interrogarent,
415 4109 462 4159 an
479 4085 519 4158 in
537 4109 580 4159 eo
598 4095 775 4183 tempore,
794 4111 867 4184 quo
885 4086 1098 4160 ascenderet
1114 4087 1155 4160 in

113 4200 261 4289 coelum,
275 4199 620 4274 restituturum-esset
633 4223 789 4296 regnum
802 4199 927 4292 Israel,
941 4211 1067 4300 aperte
1081 4211 1157 4274 tee-
