<?xml version="1.0" encoding="UTF-8"?>
<!DOCTYPE html PUBLIC "-//W3C//DTD XHTML 1.0 Transitional//EN"
    "http://www.w3.org/TR/xhtml1/DTD/xhtml1-transitional.dtd">
<html xmlns="http://www.w3.org/1999/xhtml" xml:lang="en" lang="en">
 <head>
  <title>
</title>
<meta http-equiv="Content-Type" content="text/html;charset=utf-8" />
  <meta name='ocr-system' content='tesseract 3.04.00' />
  <meta name='ocr-capabilities' content='ocr_page ocr_carea ocr_par ocr_line ocrx_word'/>
</head>
<body>
  <div class='ocr_page' id='page_1' title='image "./thomhobbesmalme09hobbgoog_0397.png"; bbox 0 0 2904 4912; ppageno 0'>
   <div class='ocr_carea' id='block_1_1' title="bbox 318 265 932 334">
    <p class='ocr_par' dir='ltr' id='par_1_1' title="bbox 318 265 932 334">
     <span class='ocr_line' id='line_1_1' title="bbox 318 265 932 334; baseline 0.003 -3"><span class='ocrx_word' id='word_1_1' title='bbox 318 265 396 332; x_wconf 78' lang='lat'><strong>382</strong></span> <span class='ocrx_word' id='word_1_2' title='bbox 745 281 932 334; x_wconf 79' lang='lat' dir='ltr'><strong>numum.</strong></span> 
     </span>
    </p>
   </div>
   <div class='ocr_carea' id='block_1_2' title="bbox 105 431 1442 4382">
    <p class='ocr_par' dir='ltr' id='par_1_2' title="bbox 105 431 1442 4382">
     <span class='ocr_line' id='line_1_2' title="bbox 124 431 1363 528; baseline 0.003 -22"><span class='ocrx_word' id='word_1_3' title='bbox 124 473 219 524; x_wconf 64' lang='lat' dir='ltr'><strong>sm,</strong></span> <span class='ocrx_word' id='word_1_4' title='bbox 231 475 283 526; x_wconf 68' lang='lat'><strong>111,</strong></span> <span class='ocrx_word' id='word_1_5' title='bbox 317 432 492 507; x_wconf 82' lang='lat' dir='ltr'><strong>standum</strong></span> <span class='ocrx_word' id='word_1_6' title='bbox 521 433 607 528; x_wconf 93' lang='lat' dir='ltr'><strong>(hoc</strong></span> <span class='ocrx_word' id='word_1_7' title='bbox 638 434 736 507; x_wconf 91' lang='lat' dir='ltr'><strong>enim</strong></span> <span class='ocrx_word' id='word_1_8' title='bbox 758 444 814 508; x_wconf 90' lang='lat' dir='ltr'><strong>est</strong></span> <span class='ocrx_word' id='word_1_9' title='bbox 841 434 978 508; x_wconf 86' lang='lat' dir='ltr'><strong>servire</strong></span> <span class='ocrx_word' id='word_1_10' title='bbox 995 431 1091 527; x_wconf 85' lang='lat' dir='ltr'><strong>Deo)</strong></span> <span class='ocrx_word' id='word_1_11' title='bbox 1120 444 1158 507; x_wconf 91' lang='lat' dir='ltr'><strong>et</strong></span> <span class='ocrx_word' id='word_1_12' title='bbox 1174 435 1298 528; x_wconf 82' lang='lat' dir='ltr'><strong>fidem</strong></span> <span class='ocrx_word' id='word_1_13' title='bbox 1323 435 1363 510; x_wconf 90' lang='lat' dir='ltr'><strong>in</strong></span> 
     </span>
     <span class='ocr_line' id='line_1_3' title="bbox 132 549 1361 656; baseline 0.005 -37"><span class='ocrx_word' id='word_1_14' title='bbox 132 550 274 656; x_wconf 35' lang='grc' dir='ltr'>ᾧ</span> <span class='ocrx_word' id='word_1_15' title='bbox 317 549 471 637; x_wconf 81' lang='lat' dir='ltr'><strong>lusum,</strong></span> <span class='ocrx_word' id='word_1_16' title='bbox 495 571 639 644; x_wconf 84' lang='lat' dir='ltr'>nempe,</span> <span class='ocrx_word' id='word_1_17' title='bbox 657 561 700 621; x_wconf 86' lang='lat' dir='ltr'><strong>ut</strong></span> <span class='ocrx_word' id='word_1_18' title='bbox 730 549 922 623; x_wconf 84' lang='lat' dir='ltr'><strong>credamus</strong></span> <span class='ocrx_word' id='word_1_19' title='bbox 947 550 1087 622; x_wconf 84' lang='lat' dir='ltr'><strong>Jusum</strong></span> <span class='ocrx_word' id='word_1_20' title='bbox 1113 572 1192 621; x_wconf 86' lang='lat' dir='ltr'><strong>esse</strong></span> <span class='ocrx_word' id='word_1_21' title='bbox 1226 572 1361 624; x_wconf 78' lang='lat' dir='ltr'><strong>rutum</strong></span> 
     </span>
     <span class='ocr_line' id='line_1_4' title="bbox 106 660 1365 760; baseline 0.006 -29"><span class='ocrx_word' id='word_1_22' title='bbox 106 688 286 747; x_wconf 59' lang='lat' dir='ltr'><strong>suessonam</strong></span> <span class='ocrx_word' id='word_1_23' title='bbox 316 660 541 736; x_wconf 83' lang='lat' dir='ltr'><strong>-Onrusruu</strong></span> <span class='ocrx_word' id='word_1_24' title='bbox 559 685 583 734; x_wconf 88' lang='lat' dir='ltr'><strong>a</strong></span> <span class='ocrx_word' id='word_1_25' title='bbox 599 662 678 735; x_wconf 89' lang='lat' dir='ltr'><strong>Deo</strong></span> <span class='ocrx_word' id='word_1_26' title='bbox 694 663 941 760; x_wconf 69' lang='lat' dir='ltr'><strong>promissum</strong></span> <span class='ocrx_word' id='word_1_27' title='bbox 969 686 1013 734; x_wconf 90' lang='lat' dir='ltr'><strong>ea</strong></span> <span class='ocrx_word' id='word_1_28' title='bbox 1038 662 1137 736; x_wconf 90' lang='lat' dir='ltr'><strong>euim</strong></span> <span class='ocrx_word' id='word_1_29' title='bbox 1154 661 1235 736; x_wconf 89' lang='lat' dir='ltr'><strong>sola</strong></span> <span class='ocrx_word' id='word_1_30' title='bbox 1252 687 1365 738; x_wconf 87' lang='lat' dir='ltr'><strong>causa</strong></span> 
     </span>
     <span class='ocr_line' id='line_1_5' title="bbox 105 754 1362 874; baseline 0.003 -28"><span class='ocrx_word' id='word_1_31' title='bbox 105 754 291 874; x_wconf 39' lang='lat' dir='ltr'><strong>ffiffiiff</strong></span> <span class='ocrx_word' id='word_1_32' title='bbox 319 785 388 864; x_wconf 89' lang='lat' dir='ltr'><strong>est,-</strong></span> <span class='ocrx_word' id='word_1_33' title='bbox 406 798 518 871; x_wconf 89' lang='lat' dir='ltr'><strong>quare</strong></span> <span class='ocrx_word' id='word_1_34' title='bbox 536 775 631 848; x_wconf 89' lang='lat' dir='ltr'><strong>illius</strong></span> <span class='ocrx_word' id='word_1_35' title='bbox 647 777 770 872; x_wconf 87' lang='lat' dir='ltr'><strong>potius</strong></span> <span class='ocrx_word' id='word_1_36' title='bbox 788 800 899 873; x_wconf 89' lang='lat' dir='ltr'><strong>quam</strong></span> <span class='ocrx_word' id='word_1_37' title='bbox 916 776 1066 849; x_wconf 86' lang='lat' dir='ltr'><strong>alterius</strong></span> <span class='ocrx_word' id='word_1_38' title='bbox 1095 776 1286 872; x_wconf 88' lang='lat' dir='ltr'><strong>sequenda</strong></span> <span class='ocrx_word' id='word_1_39' title='bbox 1314 778 1362 850; x_wconf 91' lang='lat' dir='ltr'><strong>sit</strong></span> 
     </span>
     <span class='ocr_line' id='line_1_6' title="bbox 318 887 1364 986; baseline 0.001 -25"><span class='ocrx_word' id='word_1_40' title='bbox 318 887 498 962; x_wconf 88' lang='lat' dir='ltr'><strong>doctrina.</strong></span> <span class='ocrx_word' id='word_1_41' title='bbox 554 889 786 963; x_wconf 82' lang='lat' dir='ltr'><strong>Obedientice</strong></span> <span class='ocrx_word' id='word_1_42' title='bbox 804 890 1021 964; x_wconf 86' lang='lat' dir='ltr'><strong>autemloco</strong></span> <span class='ocrx_word' id='word_1_43' title='bbox 1038 889 1077 962; x_wconf 94' lang='lat' dir='ltr'><strong>in</strong></span> <span class='ocrx_word' id='word_1_44' title='bbox 1096 889 1220 963; x_wconf 86' lang='lat' dir='ltr'><strong>Sacris</strong></span> <span class='ocrx_word' id='word_1_45' title='bbox 1239 890 1364 986; x_wconf 86' lang='lat' dir='ltr'><strong>Scrip-</strong></span> 
     </span>
     <span class='ocr_line' id='line_1_7' title="bbox 317 1002 1364 1102; baseline 0.001 -27"><span class='ocrx_word' id='word_1_46' title='bbox 317 1002 410 1075; x_wconf 88' lang='lat' dir='ltr'><strong>turis</strong></span> <span class='ocrx_word' id='word_1_47' title='bbox 427 1002 623 1098; x_wconf 75' lang='lat' dir='ltr'>saepissime</span> <span class='ocrx_word' id='word_1_48' title='bbox 634 1003 787 1099; x_wconf 90' lang='lat' dir='ltr'><strong>ponitur</strong></span> <span class='ocrx_word' id='word_1_49' title='bbox 798 1002 1034 1102; x_wconf 75' lang='lat' dir='ltr'><strong>punitentia,</strong></span> <span class='ocrx_word' id='word_1_50' title='bbox 1047 1014 1249 1099; x_wconf 87' lang='lat' dir='ltr'><strong>propterea</strong></span> <span class='ocrx_word' id='word_1_51' title='bbox 1263 1005 1364 1099; x_wconf 91' lang='lat' dir='ltr'><strong>quod</strong></span> 
     </span>
     <span class='ocr_line' id='line_1_8' title="bbox 318 1114 1363 1213; baseline 0.002 -25"><span class='ocrx_word' id='word_1_52' title='bbox 318 1114 528 1191; x_wconf 77' lang='lat' dir='ltr'>CHRISTUS</span> <span class='ocrx_word' id='word_1_53' title='bbox 556 1116 692 1212; x_wconf 89' lang='lat' dir='ltr'><strong>ubique</strong></span> <span class='ocrx_word' id='word_1_54' title='bbox 720 1117 828 1191; x_wconf 90' lang='lat' dir='ltr'><strong>docet</strong></span> <span class='ocrx_word' id='word_1_55' title='bbox 854 1117 1081 1191; x_wconf 88' lang='lat' dir='ltr'><strong>voluntatem</strong></span> <span class='ocrx_word' id='word_1_56' title='bbox 1109 1116 1211 1213; x_wconf 88' lang='lat' dir='ltr'><strong>apud</strong></span> <span class='ocrx_word' id='word_1_57' title='bbox 1241 1117 1363 1191; x_wconf 90' lang='lat' dir='ltr'><strong>Deum</strong></span> 
     </span>
     <span class='ocr_line' id='line_1_9' title="bbox 316 1226 1362 1328; baseline 0.005 -29"><span class='ocrx_word' id='word_1_58' title='bbox 316 1251 385 1325; x_wconf 89' lang='lat' dir='ltr'><strong>pro</strong></span> <span class='ocrx_word' id='word_1_59' title='bbox 419 1226 517 1302; x_wconf 80' lang='lat' dir='ltr'><strong>facto</strong></span> <span class='ocrx_word' id='word_1_60' title='bbox 550 1229 702 1303; x_wconf 86' lang='lat' dir='ltr'><strong>haberi:</strong></span> <span class='ocrx_word' id='word_1_61' title='bbox 732 1230 958 1328; x_wconf 77' lang='lat' dir='ltr'><strong>punitentia</strong></span> <span class='ocrx_word' id='word_1_62' title='bbox 991 1242 1117 1303; x_wconf 90' lang='lat' dir='ltr'><strong>autem</strong></span> <span class='ocrx_word' id='word_1_63' title='bbox 1152 1231 1362 1304; x_wconf 89' lang='lat' dir='ltr'><strong>obedientis</strong></span> 
     </span>
     <span class='ocr_line' id='line_1_10' title="bbox 313 1341 1362 1438; baseline 0.004 -24"><span class='ocrx_word' id='word_1_64' title='bbox 313 1341 430 1414; x_wconf 87' lang='lat' dir='ltr'><strong>animi</strong></span> <span class='ocrx_word' id='word_1_65' title='bbox 457 1342 602 1438; x_wconf 81' lang='lat' dir='ltr'><strong>signum</strong></span> <span class='ocrx_word' id='word_1_66' title='bbox 630 1353 686 1416; x_wconf 86' lang='lat' dir='ltr'><strong>est</strong></span> <span class='ocrx_word' id='word_1_67' title='bbox 712 1342 914 1416; x_wconf 86' lang='lat' dir='ltr'><strong>infallibile.</strong></span> <span class='ocrx_word' id='word_1_68' title='bbox 967 1343 1037 1416; x_wconf 91' lang='lat' dir='ltr'><strong>His</strong></span> <span class='ocrx_word' id='word_1_69' title='bbox 1061 1342 1276 1432; x_wconf 66' lang='lat' dir='ltr'><strong>intellectis</strong></span> <span class='ocrx_word' id='word_1_70' title='bbox 1303 1368 1362 1418; x_wconf 88' lang='lat' dir='ltr'><strong>eas</strong></span> 
     </span>
     <span class='ocr_line' id='line_1_11' title="bbox 311 1454 1361 1553; baseline 0.01 -33"><span class='ocrx_word' id='word_1_71' title='bbox 311 1455 567 1552; x_wconf 84' lang='lat' dir='ltr'><strong>essefoederis</strong></span> <span class='ocrx_word' id='word_1_72' title='bbox 582 1454 792 1529; x_wconf 71' lang='lat' dir='ltr'><em>Christiani</em></span> <span class='ocrx_word' id='word_1_73' title='bbox 809 1455 1050 1545; x_wconf 86' lang='lat' dir='ltr'><strong>conditiones,</strong></span> <span class='ocrx_word' id='word_1_74' title='bbox 1070 1480 1161 1553; x_wconf 91' lang='lat' dir='ltr'><strong>quas</strong></span> <span class='ocrx_word' id='word_1_75' title='bbox 1182 1456 1361 1542; x_wconf 66' lang='lat' dir='ltr'><strong>diximum</strong></span> 
     </span>
     <span class='ocr_line' id='line_1_12' title="bbox 315 1569 1362 1666; baseline 0.004 -26"><span class='ocrx_word' id='word_1_76' title='bbox 315 1591 460 1664; x_wconf 86' lang='lat' dir='ltr'><strong>nempe,</strong></span> <span class='ocrx_word' id='word_1_77' title='bbox 486 1591 531 1642; x_wconf 91' lang='lat' dir='ltr'><strong>ex</strong></span> <span class='ocrx_word' id='word_1_78' title='bbox 547 1579 654 1666; x_wconf 88' lang='lat' dir='ltr'><strong>parte</strong></span> <span class='ocrx_word' id='word_1_79' title='bbox 671 1570 753 1659; x_wconf 90' lang='lat' dir='ltr'><strong>Dei,</strong></span> <span class='ocrx_word' id='word_1_80' title='bbox 773 1569 861 1642; x_wconf 87' lang='lat' dir='ltr'><strong>dare</strong></span> <span class='ocrx_word' id='word_1_81' title='bbox 877 1569 1087 1643; x_wconf 86' lang='lat' dir='ltr'><strong>hominibus</strong></span> <span class='ocrx_word' id='word_1_82' title='bbox 1105 1570 1362 1644; x_wconf 89' lang='lat' dir='ltr'><strong>remissionem</strong></span> 
     </span>
     <span class='ocr_line' id='line_1_13' title="bbox 316 1684 1360 1780; baseline 0.003 -26"><span class='ocrx_word' id='word_1_83' title='bbox 316 1691 551 1779; x_wconf 88' lang='lat' dir='ltr'><strong>peccatorum</strong></span> <span class='ocrx_word' id='word_1_84' title='bbox 568 1684 731 1756; x_wconf 88' lang='lat' dir='ltr'><strong>etvitam</strong></span> <span class='ocrx_word' id='word_1_85' title='bbox 746 1694 945 1768; x_wconf 87' lang='lat' dir='ltr'><strong>aeternam;</strong></span> <span class='ocrx_word' id='word_1_86' title='bbox 973 1707 1018 1756; x_wconf 89' lang='lat' dir='ltr'><strong>ex</strong></span> <span class='ocrx_word' id='word_1_87' title='bbox 1035 1694 1141 1780; x_wconf 86' lang='lat' dir='ltr'><strong>parte</strong></span> <span class='ocrx_word' id='word_1_88' title='bbox 1153 1684 1360 1775; x_wconf 90' lang='lat' dir='ltr'><strong>hominum,</strong></span> 
     </span>
     <span class='ocr_line' id='line_1_14' title="bbox 316 1796 1360 1890; baseline 0.004 -22"><span class='ocrx_word' id='word_1_89' title='bbox 316 1796 506 1890; x_wconf 84' lang='lat' dir='ltr'><strong>poenitere,</strong></span> <span class='ocrx_word' id='word_1_90' title='bbox 540 1805 578 1869; x_wconf 88' lang='lat' dir='ltr'><strong>et</strong></span> <span class='ocrx_word' id='word_1_91' title='bbox 612 1797 762 1871; x_wconf 88' lang='lat' dir='ltr'><strong>credere</strong></span> <span class='ocrx_word' id='word_1_92' title='bbox 795 1798 834 1871; x_wconf 90' lang='lat' dir='ltr'><strong>in</strong></span> <span class='ocrx_word' id='word_1_93' title='bbox 863 1799 1004 1873; x_wconf 79' lang='lat' dir='ltr'><strong>lusum</strong></span> <span class='ocrx_word' id='word_1_94' title='bbox 1032 1798 1289 1883; x_wconf 59' lang='lat' dir='ltr'><strong>Cumarum</strong></span> <span class='ocrx_word' id='word_1_95' title='bbox 1317 1824 1360 1872; x_wconf 85' lang='lat' dir='ltr'><strong>ex</strong></span> 
     </span>
     <span class='ocr_line' id='line_1_15' title="bbox 316 1908 1361 2007; baseline 0.002 -25"><span class='ocrx_word' id='word_1_96' title='bbox 316 1908 441 1982; x_wconf 89' lang='lat' dir='ltr'><strong>multis</strong></span> <span class='ocrx_word' id='word_1_97' title='bbox 453 1910 543 1984; x_wconf 86' lang='lat' dir='ltr'><strong>locis</strong></span> <span class='ocrx_word' id='word_1_98' title='bbox 562 1910 759 2007; x_wconf 83' lang='lat' dir='ltr'><strong>Scripturas</strong></span> <span class='ocrx_word' id='word_1_99' title='bbox 778 1912 901 1985; x_wconf 89' lang='lat' dir='ltr'><strong>Sacrae</strong></span> <span class='ocrx_word' id='word_1_100' title='bbox 918 1910 1189 1984; x_wconf 85' lang='lat' dir='ltr'><strong>evidentissime</strong></span> <span class='ocrx_word' id='word_1_101' title='bbox 1206 1935 1361 2007; x_wconf 88' lang='lat' dir='ltr'><strong>appare-</strong></span> 
     </span>
     <span class='ocr_line' id='line_1_16' title="bbox 317 2022 1359 2122; baseline 0.002 -27"><span class='ocrx_word' id='word_1_102' title='bbox 317 2022 382 2096; x_wconf 89' lang='lat' dir='ltr'><strong>bit.</strong></span> <span class='ocrx_word' id='word_1_103' title='bbox 434 2023 568 2113; x_wconf 90' lang='lat' dir='ltr'><strong>Primo,</strong></span> <span class='ocrx_word' id='word_1_104' title='bbox 593 2023 707 2096; x_wconf 89' lang='lat' dir='ltr'><strong>verba</strong></span> <span class='ocrx_word' id='word_1_105' title='bbox 730 2024 805 2114; x_wconf 91' lang='lat' dir='ltr'><strong>illa,</strong></span> <span class='ocrx_word' id='word_1_106' title='bbox 826 2025 958 2118; x_wconf 87' lang='lat' dir='ltr'><strong>(Marc.</strong></span> <span class='ocrx_word' id='word_1_107' title='bbox 977 2024 1002 2096; x_wconf 92' lang='lat' dir='ltr'><strong>i.</strong></span> <span class='ocrx_word' id='word_1_108' title='bbox 1024 2023 1108 2118; x_wconf 82' lang='lat'>15);</span> <span class='ocrx_word' id='word_1_109' title='bbox 1133 2023 1359 2122; x_wconf 79' lang='lat' dir='ltr'><strong>Appropiu-</strong></span> 
     </span>
     <span class='ocr_line' id='line_1_17' title="bbox 316 2135 1359 2234; baseline 0.004 -27"><span class='ocrx_word' id='word_1_110' title='bbox 316 2136 445 2233; x_wconf 86' lang='lat' dir='ltr'><strong>quovit</strong></span> <span class='ocrx_word' id='word_1_111' title='bbox 462 2159 617 2233; x_wconf 86' lang='lat' dir='ltr'><strong>regnum</strong></span> <span class='ocrx_word' id='word_1_112' title='bbox 634 2135 736 2219; x_wconf 87' lang='lat' dir='ltr'><strong>Dei;</strong></span> <span class='ocrx_word' id='word_1_113' title='bbox 756 2137 989 2234; x_wconf 76' lang='lat' dir='ltr'><strong>penitemini</strong></span> <span class='ocrx_word' id='word_1_114' title='bbox 1012 2146 1050 2210; x_wconf 90' lang='lat' dir='ltr'><strong>et</strong></span> <span class='ocrx_word' id='word_1_115' title='bbox 1068 2136 1214 2210; x_wconf 78' lang='lat' dir='ltr'><strong>credite</strong></span> <span class='ocrx_word' id='word_1_116' title='bbox 1231 2136 1359 2211; x_wconf 81' lang='lat' dir='ltr'><strong>Euon-</strong></span> 
     </span>
     <span class='ocr_line' id='line_1_18' title="bbox 314 2248 1360 2352; baseline 0.007 -33"><span class='ocrx_word' id='word_1_117' title='bbox 314 2248 419 2352; x_wconf 84' lang='lat' dir='ltr'><strong>gelio</strong></span> <span class='ocrx_word' id='word_1_118' title='bbox 429 2276 444 2332; x_wconf 91' lang='lat'><em>;</em></span> <span class='ocrx_word' id='word_1_119' title='bbox 475 2248 667 2322; x_wconf 84' lang='lat' dir='ltr'><strong>continent</strong></span> <span class='ocrx_word' id='word_1_120' title='bbox 695 2260 845 2346; x_wconf 86' lang='lat' dir='ltr'><strong>paetum</strong></span> <span class='ocrx_word' id='word_1_121' title='bbox 878 2261 1009 2324; x_wconf 88' lang='lat' dir='ltr'><strong>totum.</strong></span> <span class='ocrx_word' id='word_1_122' title='bbox 1073 2249 1264 2340; x_wconf 85' lang='lat' dir='ltr'><strong>Similiter,</strong></span> <span class='ocrx_word' id='word_1_123' title='bbox 1298 2251 1360 2326; x_wconf 85' lang='lat' dir='ltr'><strong>illu</strong></span> 
     </span>
     <span class='ocr_line' id='line_1_19' title="bbox 308 2362 1359 2462; baseline 0.002 -26"><span class='ocrx_word' id='word_1_124' title='bbox 308 2362 424 2456; x_wconf 83' lang='lat' dir='ltr'><strong>-(Luo.</strong></span> <span class='ocrx_word' id='word_1_125' title='bbox 442 2362 538 2437; x_wconf 88' lang='lat' dir='ltr'><strong>xxiv.</strong></span> <span class='ocrx_word' id='word_1_126' title='bbox 556 2371 617 2453; x_wconf 88' lang='grc'><strong>46,</strong></span> <span class='ocrx_word' id='word_1_127' title='bbox 636 2364 700 2457; x_wconf 84' lang='lat'><strong>47)</strong></span> <span class='ocrx_word' id='word_1_128' title='bbox 716 2391 725 2434; x_wconf 73' lang='grc' dir='ltr'>ε</span> <span class='ocrx_word' id='word_1_129' title='bbox 753 2364 925 2460; x_wconf 84' lang='lat' dir='ltr'><strong>quonium</strong></span> <span class='ocrx_word' id='word_1_130' title='bbox 941 2363 998 2437; x_wconf 83' lang='lat' dir='ltr'><strong>sie</strong></span> <span class='ocrx_word' id='word_1_131' title='bbox 1023 2363 1207 2462; x_wconf 81' lang='lat' dir='ltr'><strong>scriptum</strong></span> <span class='ocrx_word' id='word_1_132' title='bbox 1234 2375 1304 2454; x_wconf 85' lang='lat' dir='ltr'><strong>ert,</strong></span> <span class='ocrx_word' id='word_1_133' title='bbox 1321 2376 1359 2438; x_wconf 91' lang='lat' dir='ltr'><strong>et</strong></span> 
     </span>
     <span class='ocr_line' id='line_1_20' title="bbox 315 2474 1359 2574; baseline 0.004 -28"><span class='ocrx_word' id='word_1_134' title='bbox 315 2475 373 2548; x_wconf 89' lang='lat' dir='ltr'><strong>sic</strong></span> <span class='ocrx_word' id='word_1_135' title='bbox 398 2474 597 2573; x_wconf 78' lang='lat' dir='ltr'><strong>oportebat</strong></span> <span class='ocrx_word' id='word_1_136' title='bbox 617 2474 805 2549; x_wconf 78' lang='lat' dir='ltr'><strong>Christum</strong></span> <span class='ocrx_word' id='word_1_137' title='bbox 821 2476 912 2574; x_wconf 81' lang='lat' dir='ltr'><strong>pati</strong></span> <span class='ocrx_word' id='word_1_138' title='bbox 939 2486 976 2549; x_wconf 89' lang='lat' dir='ltr'><strong>et</strong></span> <span class='ocrx_word' id='word_1_139' title='bbox 996 2499 1203 2574; x_wconf 78' lang='lat' dir='ltr'><strong>resurgere</strong></span> <span class='ocrx_word' id='word_1_140' title='bbox 1221 2502 1247 2549; x_wconf 85' lang='lat' dir='ltr'><strong>a</strong></span> <span class='ocrx_word' id='word_1_141' title='bbox 1265 2502 1359 2550; x_wconf 87' lang='lat' dir='ltr'><strong>mor-</strong></span> 
     </span>
     <span class='ocr_line' id='line_1_21' title="bbox 315 2588 1442 2727; baseline 0.001 -66"><span class='ocrx_word' id='word_1_142' title='bbox 315 2588 391 2662; x_wconf 85' lang='lat' dir='ltr'><strong>tuis</strong></span> <span class='ocrx_word' id='word_1_143' title='bbox 409 2589 525 2662; x_wconf 86' lang='lat' dir='ltr'><strong>tertia</strong></span> <span class='ocrx_word' id='word_1_144' title='bbox 544 2589 618 2678; x_wconf 86' lang='lat' dir='ltr'><strong>die,</strong></span> <span class='ocrx_word' id='word_1_145' title='bbox 637 2599 675 2661; x_wconf 86' lang='lat' dir='ltr'><strong>et</strong></span> <span class='ocrx_word' id='word_1_146' title='bbox 691 2589 909 2687; x_wconf 75' lang='lat' dir='ltr'><strong>predicari</strong></span> <span class='ocrx_word' id='word_1_147' title='bbox 926 2589 965 2661; x_wconf 93' lang='lat' dir='ltr'><strong>in</strong></span> <span class='ocrx_word' id='word_1_148' title='bbox 981 2589 1124 2662; x_wconf 89' lang='lat' dir='ltr'><strong>nomine</strong></span> <span class='ocrx_word' id='word_1_149' title='bbox 1141 2591 1226 2684; x_wconf 85' lang='lat' dir='ltr'><strong>ejus</strong></span> <span class='ocrx_word' id='word_1_150' title='bbox 1236 2592 1358 2688; x_wconf 83' lang='lat' dir='ltr'><strong>poeni-</strong></span> <span class='ocrx_word' id='word_1_151' title='bbox 1441 2635 1442 2727; x_wconf 29' lang='lat' dir='ltr'>l</span> 
     </span>
     <span class='ocr_line' id='line_1_22' title="bbox 305 2701 1358 2800; baseline -0.001 -25"><span class='ocrx_word' id='word_1_152' title='bbox 305 2702 469 2776; x_wconf 57' lang='lat' dir='ltr'><strong>vtentiam</strong></span> <span class='ocrx_word' id='word_1_153' title='bbox 503 2711 542 2775; x_wconf 91' lang='lat' dir='ltr'><strong>et</strong></span> <span class='ocrx_word' id='word_1_154' title='bbox 574 2701 825 2776; x_wconf 87' lang='lat' dir='ltr'><strong>remissionem</strong></span> <span class='ocrx_word' id='word_1_155' title='bbox 860 2713 1106 2800; x_wconf 80' lang='lat' dir='ltr'><strong>peccatorum</strong></span> <span class='ocrx_word' id='word_1_156' title='bbox 1153 2703 1192 2776; x_wconf 91' lang='lat' dir='ltr'><strong>in</strong></span> <span class='ocrx_word' id='word_1_157' title='bbox 1235 2727 1358 2776; x_wconf 87' lang='lat' dir='ltr'><strong>omnes</strong></span> 
     </span>
     <span class='ocr_line' id='line_1_23' title="bbox 308 2813 1441 2913; baseline -0.002 -21"><span class='ocrx_word' id='word_1_158' title='bbox 308 2825 460 2913; x_wconf 77' lang='lat' dir='ltr'><strong>gentes,</strong></span> <span class='ocrx_word' id='word_1_159' title='bbox 495 2813 759 2913; x_wconf 77' lang='lat' dir='ltr'><strong>incipientibus</strong></span> <span class='ocrx_word' id='word_1_160' title='bbox 803 2814 852 2888; x_wconf 85' lang='lat' dir='ltr'><strong>ub</strong></span> <span class='ocrx_word' id='word_1_161' title='bbox 892 2815 1157 2912; x_wconf 61' lang='lat' dir='ltr'><strong>remeaturum</strong></span> <span class='ocrx_word' id='word_1_162' title='bbox 1202 2826 1241 2889; x_wconf 92' lang='lat' dir='ltr'><strong>et</strong></span> <span class='ocrx_word' id='word_1_163' title='bbox 1288 2818 1358 2890; x_wconf 88' lang='lat' dir='ltr'><strong>ista</strong></span> <span class='ocrx_word' id='word_1_164' title='bbox 1440 2899 1441 2902; x_wconf 8' lang='grc' dir='ltr'><strong>Ἴ</strong></span> 
     </span>
     <span class='ocr_line' id='line_1_24' title="bbox 318 2927 1357 3026; baseline 0.001 -25"><span class='ocrx_word' id='word_1_165' title='bbox 318 2928 417 3022; x_wconf 84' lang='lat' dir='ltr'><strong>(Aet.</strong></span> <span class='ocrx_word' id='word_1_166' title='bbox 429 2928 480 3002; x_wconf 88' lang='lat' dir='ltr'><strong>iii.</strong></span> <span class='ocrx_word' id='word_1_167' title='bbox 496 2936 553 3018; x_wconf 89' lang='lat'><strong>19,</strong></span> <span class='ocrx_word' id='word_1_168' title='bbox 565 2929 629 3022; x_wconf 81' lang='lat'><strong>20)</strong></span> <span class='ocrx_word' id='word_1_169' title='bbox 640 2955 649 2999; x_wconf 75' lang='grc' dir='ltr'><em>τ</em></span> <span class='ocrx_word' id='word_1_170' title='bbox 662 2927 891 3026; x_wconf 70' lang='lat' dir='ltr'><strong>penitemini</strong></span> <span class='ocrx_word' id='word_1_171' title='bbox 902 2938 940 3000; x_wconf 90' lang='lat' dir='ltr'><strong>et</strong></span> <span class='ocrx_word' id='word_1_172' title='bbox 955 2928 1222 3017; x_wconf 82' lang='lat' dir='ltr'><strong>convertimini,</strong></span> <span class='ocrx_word' id='word_1_173' title='bbox 1240 2940 1283 3002; x_wconf 92' lang='lat' dir='ltr'><strong>ut</strong></span> <span class='ocrx_word' id='word_1_174' title='bbox 1294 2931 1357 3002; x_wconf 83' lang='lat' dir='ltr'><strong>de-</strong></span> 
     </span>
     <span class='ocr_line' id='line_1_25' title="bbox 314 3041 1356 3140; baseline -0.001 -24"><span class='ocrx_word' id='word_1_175' title='bbox 314 3041 465 3116; x_wconf 86' lang='lat' dir='ltr'><strong>leuntur</strong></span> <span class='ocrx_word' id='word_1_176' title='bbox 485 3051 653 3139; x_wconf 81' lang='lat' dir='ltr'><strong>peccata</strong></span> <span class='ocrx_word' id='word_1_177' title='bbox 670 3051 809 3132; x_wconf 88' lang='lat' dir='ltr'><strong>uestro,</strong></span> <span class='ocrx_word' id='word_1_178' title='bbox 836 3051 877 3114; x_wconf 93' lang='lat' dir='ltr'><strong>ut</strong></span> <span class='ocrx_word' id='word_1_179' title='bbox 902 3066 981 3114; x_wconf 87' lang='lat' dir='ltr'><strong>cum</strong></span> <span class='ocrx_word' id='word_1_180' title='bbox 997 3041 1165 3114; x_wconf 85' lang='lat' dir='ltr'><strong>uenerint</strong></span> <span class='ocrx_word' id='word_1_181' title='bbox 1185 3050 1356 3140; x_wconf 81' lang='lat' dir='ltr'><strong>tempora</strong></span> 
     </span>
     <span class='ocr_line' id='line_1_26' title="bbox 313 3154 1440 3253; baseline 0.002 -27"><span class='ocrx_word' id='word_1_182' title='bbox 313 3154 527 3253; x_wconf 79' lang='lat' dir='ltr'><strong>refrigerii,</strong></span> <span class='ocrx_word' id='word_1_183' title='bbox 554 3164 625 3228; x_wconf 87' lang='lat' dir='ltr'><strong>etc.</strong></span> <span class='ocrx_word' id='word_1_184' title='bbox 677 3154 886 3250; x_wconf 81' lang='lat' dir='ltr'><strong>Aliquando</strong></span> <span class='ocrx_word' id='word_1_185' title='bbox 903 3178 991 3228; x_wconf 89' lang='lat' dir='ltr'><strong>vcro</strong></span> <span class='ocrx_word' id='word_1_186' title='bbox 1017 3155 1133 3228; x_wconf 88' lang='lat' dir='ltr'><strong>altera</strong></span> <span class='ocrx_word' id='word_1_187' title='bbox 1157 3178 1244 3250; x_wconf 88' lang='lat' dir='ltr'><strong>pars</strong></span> <span class='ocrx_word' id='word_1_188' title='bbox 1271 3177 1355 3251; x_wconf 87' lang='lat' dir='ltr'><strong>pro·</strong></span> <span class='ocrx_word' id='word_1_189' title='bbox 1439 3243 1440 3252; x_wconf 8' lang='grc' dir='ltr'>ἵ</span> 
     </span>
     <span class='ocr_line' id='line_1_27' title="bbox 312 3266 1355 3366; baseline -0.002 -23"><span class='ocrx_word' id='word_1_190' title='bbox 312 3267 464 3366; x_wconf 90' lang='lat' dir='ltr'><strong>ponitur</strong></span> <span class='ocrx_word' id='word_1_191' title='bbox 500 3291 682 3365; x_wconf 87' lang='lat' dir='ltr'><strong>expresse,</strong></span> <span class='ocrx_word' id='word_1_192' title='bbox 729 3269 844 3342; x_wconf 85' lang='lat' dir='ltr'><strong>altera</strong></span> <span class='ocrx_word' id='word_1_193' title='bbox 883 3266 1180 3364; x_wconf 83' lang='lat' dir='ltr'><strong>subintelligitur,</strong></span> <span class='ocrx_word' id='word_1_194' title='bbox 1218 3279 1262 3342; x_wconf 91' lang='lat' dir='ltr'><strong>ut</strong></span> <span class='ocrx_word' id='word_1_195' title='bbox 1294 3268 1355 3342; x_wconf 90' lang='lat' dir='ltr'><strong>hic</strong></span> 
     </span>
     <span class='ocr_line' id='line_1_28' title="bbox 315 3381 1354 3480; baseline -0.002 -24"><span class='ocrx_word' id='word_1_196' title='bbox 315 3382 415 3477; x_wconf 89' lang='lat' dir='ltr'><strong>(Joh.</strong></span> <span class='ocrx_word' id='word_1_197' title='bbox 445 3382 494 3456; x_wconf 91' lang='lat' dir='ltr'><strong>iii.</strong></span> <span class='ocrx_word' id='word_1_198' title='bbox 527 3383 617 3476; x_wconf 86' lang='lat'>36):</span> <span class='ocrx_word' id='word_1_199' title='bbox 645 3383 709 3480; x_wconf 85' lang='lat' dir='ltr'><strong>qui</strong></span> <span class='ocrx_word' id='word_1_200' title='bbox 737 3382 862 3456; x_wconf 85' lang='lat' dir='ltr'><strong>credit</strong></span> <span class='ocrx_word' id='word_1_201' title='bbox 889 3382 927 3455; x_wconf 92' lang='lat' dir='ltr'><strong>in</strong></span> <span class='ocrx_word' id='word_1_202' title='bbox 943 3382 1070 3478; x_wconf 80' lang='lat' dir='ltr'><strong>filium</strong></span> <span class='ocrx_word' id='word_1_203' title='bbox 1097 3381 1212 3455; x_wconf 80' lang='lat' dir='ltr'><strong>dubet</strong></span> <span class='ocrx_word' id='word_1_204' title='bbox 1242 3383 1354 3458; x_wconf 83' lang='lat' dir='ltr'><strong>citum</strong></span> 
     </span>
     <span class='ocr_line' id='line_1_29' title="bbox 303 3495 1355 3594; baseline -0.001 -26"><span class='ocrx_word' id='word_1_205' title='bbox 303 3505 492 3568; x_wconf 71' lang='lat' dir='ltr'><strong>¹externum</strong></span> <span class='ocrx_word' id='word_1_206' title='bbox 503 3523 518 3579; x_wconf 90' lang='lat'><em>;</em></span> <span class='ocrx_word' id='word_1_207' title='bbox 553 3495 618 3594; x_wconf 84' lang='lat' dir='ltr'><strong>qui</strong></span> <span class='ocrx_word' id='word_1_208' title='bbox 653 3495 868 3570; x_wconf 84' lang='lat' dir='ltr'><strong>incredulus</strong></span> <span class='ocrx_word' id='word_1_209' title='bbox 903 3506 962 3568; x_wconf 89' lang='lat' dir='ltr'><strong>est</strong></span> <span class='ocrx_word' id='word_1_210' title='bbox 980 3495 1083 3590; x_wconf 85' lang='lat' dir='ltr'><strong>filio,</strong></span> <span class='ocrx_word' id='word_1_211' title='bbox 1107 3520 1180 3568; x_wconf 91' lang='lat' dir='ltr'><strong>non</strong></span> <span class='ocrx_word' id='word_1_212' title='bbox 1214 3495 1355 3569; x_wconf 83' lang='lat' dir='ltr'><strong>uidebit</strong></span> 
     </span>
     <span class='ocr_line' id='line_1_30' title="bbox 304 3608 1353 3707; baseline -0.008 -19"><span class='ocrx_word' id='word_1_213' title='bbox 304 3609 437 3699; x_wconf 79' lang='lat' dir='ltr'><strong>citum,</strong></span> <span class='ocrx_word' id='word_1_214' title='bbox 455 3610 527 3683; x_wconf 87' lang='lat' dir='ltr'><strong>sed</strong></span> <span class='ocrx_word' id='word_1_215' title='bbox 547 3610 609 3683; x_wconf 86' lang='lat' dir='ltr'><strong>ira</strong></span> <span class='ocrx_word' id='word_1_216' title='bbox 634 3608 711 3682; x_wconf 86' lang='lat' dir='ltr'><strong>Dei</strong></span> <span class='ocrx_word' id='word_1_217' title='bbox 736 3618 859 3682; x_wconf 90' lang='lat' dir='ltr'><strong>munet</strong></span> <span class='ocrx_word' id='word_1_218' title='bbox 886 3632 1002 3707; x_wconf 83' lang='lat' dir='ltr'><strong>super·</strong></span> <span class='ocrx_word' id='word_1_219' title='bbox 1023 3633 1104 3682; x_wconf 90' lang='lat' dir='ltr'><strong>enm</strong></span> <span class='ocrx_word' id='word_1_220' title='bbox 1118 3636 1131 3680; x_wconf 89' lang='lat'><strong>.·</strong></span> <span class='ocrx_word' id='word_1_221' title='bbox 1163 3609 1229 3682; x_wconf 89' lang='lat' dir='ltr'><strong>ubi</strong></span> <span class='ocrx_word' id='word_1_222' title='bbox 1248 3609 1353 3704; x_wconf 79' lang='lat' dir='ltr'><strong>fides</strong></span> 
     </span>
     <span class='ocr_line' id='line_1_31' title="bbox 312 3720 1438 3819; baseline -0.002 -25"><span class='ocrx_word' id='word_1_223' title='bbox 312 3722 541 3818; x_wconf 88' lang='lat' dir='ltr'><strong>exprimitur,</strong></span> <span class='ocrx_word' id='word_1_224' title='bbox 552 3721 776 3819; x_wconf 76' lang='lat' dir='ltr'><strong>punitentia</strong></span> <span class='ocrx_word' id='word_1_225' title='bbox 794 3731 948 3796; x_wconf 87' lang='lat' dir='ltr'><strong>tacetur.</strong></span> <span class='ocrx_word' id='word_1_226' title='bbox 975 3721 1024 3794; x_wconf 85' lang='lat' dir='ltr'><strong>Et</strong></span> <span class='ocrx_word' id='word_1_227' title='bbox 1041 3720 1353 3817; x_wconf 86' lang='lat' dir='ltr'><strong>inpraedicatione</strong></span> <span class='ocrx_word' id='word_1_228' title='bbox 1437 3745 1438 3750; x_wconf 46' lang='lat'>¹</span> 
     </span>
     <span class='ocr_line' id='line_1_32' title="bbox 312 3822 1353 3931; baseline -0.004 -22"><span class='ocrx_word' id='word_1_229' title='bbox 312 3822 501 3924; x_wconf 77' lang='lat' dir='ltr'><strong>(iunlsrl,</strong></span> <span class='ocrx_word' id='word_1_230' title='bbox 518 3833 669 3928; x_wconf 76' lang='lat' dir='ltr'><strong>(Matth.</strong></span> <span class='ocrx_word' id='word_1_231' title='bbox 684 3833 732 3906; x_wconf 80' lang='lat' dir='ltr'><strong>iv,</strong></span> <span class='ocrx_word' id='word_1_232' title='bbox 749 3835 808 3927; x_wconf 89' lang='lat'><strong>17)</strong></span> <span class='ocrx_word' id='word_1_233' title='bbox 825 3861 833 3907; x_wconf 92' lang='lat'><strong>:</strong></span> <span class='ocrx_word' id='word_1_234' title='bbox 862 3832 1099 3906; x_wconf 87' lang='lat' dir='ltr'><strong>Poenitemini</strong></span> <span class='ocrx_word' id='word_1_235' title='bbox 1109 3861 1123 3906; x_wconf 93' lang='lat'><em>:</em></span> <span class='ocrx_word' id='word_1_236' title='bbox 1141 3833 1353 3931; x_wconf 81' lang='lat' dir='ltr'><strong>appropin-</strong></span> 
     </span>
     <span class='ocr_line' id='line_1_33' title="bbox 310 3945 1353 4045; baseline -0.001 -26"><span class='ocrx_word' id='word_1_237' title='bbox 310 3948 440 4045; x_wconf 84' lang='lat' dir='ltr'><strong>quarit</strong></span> <span class='ocrx_word' id='word_1_238' title='bbox 456 3947 550 4021; x_wconf 88' lang='lat' dir='ltr'><strong>enim</strong></span> <span class='ocrx_word' id='word_1_239' title='bbox 573 3971 729 4044; x_wconf 84' lang='lat' dir='ltr'><strong>regnum</strong></span> <span class='ocrx_word' id='word_1_240' title='bbox 755 3946 854 4020; x_wconf 86' lang='lat' dir='ltr'><strong>Dei:</strong></span> <span class='ocrx_word' id='word_1_241' title='bbox 884 3946 948 4019; x_wconf 93' lang='lat' dir='ltr'><strong>ubi</strong></span> <span class='ocrx_word' id='word_1_242' title='bbox 973 3946 1203 4044; x_wconf 84' lang='lat' dir='ltr'><strong>poenitentia</strong></span> <span class='ocrx_word' id='word_1_243' title='bbox 1234 3945 1353 4042; x_wconf 87' lang='lat' dir='ltr'><strong>expri-</strong></span> 
     </span>
     <span class='ocr_line' id='line_1_34' title="bbox 309 4058 1352 4155; baseline -0.004 -22"><span class='ocrx_word' id='word_1_244' title='bbox 309 4061 435 4152; x_wconf 92' lang='lat' dir='ltr'><strong>mitur,</strong></span> <span class='ocrx_word' id='word_1_245' title='bbox 470 4060 687 4134; x_wconf 81' lang='lat' dir='ltr'><strong>subauditur</strong></span> <span class='ocrx_word' id='word_1_246' title='bbox 709 4059 828 4155; x_wconf 76' lang='lat' dir='ltr'><strong>flues.</strong></span> <span class='ocrx_word' id='word_1_247' title='bbox 886 4059 962 4132; x_wconf 87' lang='lat' dir='ltr'><strong>Sed</strong></span> <span class='ocrx_word' id='word_1_248' title='bbox 991 4058 1286 4132; x_wconf 84' lang='lat' dir='ltr'><strong>manifestissime</strong></span> <span class='ocrx_word' id='word_1_249' title='bbox 1315 4068 1352 4130; x_wconf 90' lang='lat' dir='ltr'><strong>ct</strong></span> 
     </span>
     <span class='ocr_line' id='line_1_35' title="bbox 299 4171 1349 4268; baseline -0.006 -18"><span class='ocrx_word' id='word_1_250' title='bbox 299 4173 565 4250; x_wconf 68' lang='lat' dir='ltr'><strong>formalissima</strong></span> <span class='ocrx_word' id='word_1_251' title='bbox 580 4183 796 4246; x_wconf 85' lang='lat' dir='ltr'><strong>contractus</strong></span> <span class='ocrx_word' id='word_1_252' title='bbox 814 4172 897 4244; x_wconf 88' lang='lat' dir='ltr'><strong>noui</strong></span> <span class='ocrx_word' id='word_1_253' title='bbox 910 4182 1034 4267; x_wconf 89' lang='lat' dir='ltr'><strong>partes</strong></span> <span class='ocrx_word' id='word_1_254' title='bbox 1046 4173 1098 4246; x_wconf 91' lang='lat' dir='ltr'><strong>ibi</strong></span> <span class='ocrx_word' id='word_1_255' title='bbox 1109 4171 1349 4268; x_wconf 85' lang='lat' dir='ltr'><strong>explicantur,</strong></span> 
     </span>
     <span class='ocr_line' id='line_1_36' title="bbox 311 4285 1349 4382; baseline -0.001 -25"><span class='ocrx_word' id='word_1_256' title='bbox 311 4285 374 4358; x_wconf 93' lang='lat' dir='ltr'><strong>ubi</strong></span> <span class='ocrx_word' id='word_1_257' title='bbox 390 4285 561 4382; x_wconf 88' lang='lat' dir='ltr'><strong>princeps</strong></span> <span class='ocrx_word' id='word_1_258' title='bbox 579 4285 739 4380; x_wconf 86' lang='lat' dir='ltr'><strong>quidam,</strong></span> <span class='ocrx_word' id='word_1_259' title='bbox 754 4307 910 4380; x_wconf 82' lang='lat' dir='ltr'><strong>regnum</strong></span> <span class='ocrx_word' id='word_1_260' title='bbox 920 4285 991 4358; x_wconf 90' lang='lat' dir='ltr'><strong>Dei</strong></span> <span class='ocrx_word' id='word_1_261' title='bbox 1007 4297 1183 4382; x_wconf 86' lang='lat' dir='ltr'><strong>tanquam</strong></span> <span class='ocrx_word' id='word_1_262' title='bbox 1193 4285 1349 4372; x_wconf 77' lang='lat' dir='ltr'><strong>licitam,</strong></span> 
     </span>
    </p>
   </div>
   <div class='ocr_carea' id='block_1_3' title="bbox 0 0 1456 4912">
    <p class='ocr_par' dir='ltr' id='par_1_3' title="bbox 0 0 1456 4912">
     <span class='ocr_line' id='line_1_37' title="bbox 0 0 1456 4912; baseline 0 3"><span class='ocrx_word' id='word_1_263' title='bbox 0 0 1456 4912; x_wconf 95' lang='lat' dir='ltr'><strong> </strong></span> 
     </span>
    </p>
   </div>
  </div>
 </body>
</html>
