2912 4912
544 611 796 662 ERUDITISSIMO
814 611 899 661 VIRO

332 744 386 828 D.
428 743 740 829 SAMUELI
784 744 1128 830 SORBERIO

549 911 691 957 DOCTORI
707 912 833 957 MEDICO
844 912 867 956 S.
876 912 903 956 D.

391 1043 630 1117 ,MARINUS
656 1042 962 1116 MERSENNUS
981 1043 1034 1114 M.

617 1269 811 1279 ———

157 1451 218 1525 ΕΝ
244 1453 366 1540 audio,
392 1452 601 1526 doctissime
632 1450 790 1539 sorberi,
825 1459 947 1522 tecum
979 1448 1070 1523 illud
1100 1450 1291 1547 egregium

157 1610 247 1682 opus
265 1587 310 1660 de
328 1587 442 1675 Crvn,
460 1582 753 1680 incomparabilis
768 1582 837 1655 viri
848 1583 893 1655 D.
910 1583 1081 1671 Honnrr,
1093 1593 1130 1656 te
1143 1585 1292 1682 Hagam

158 1715 322 1805 Comltis,
334 1717 405 1789 hoe
419 1727 488 1805 est,
500 1714 687 1810 ingentem
699 1715 911 1788 thesaurum
927 1716 1132 1790 literarium
1148 1719 1290 1812 tulisse,

155 1849 259 1921 novis
276 1861 424 1923 auctum
435 1847 730 1945 cogitationibus,
745 1870 826 1942 quae
844 1846 995 1944 singulis
1014 1849 1292 1928 difficultatibus

155 1978 430 2071 satisfacientes,
447 1981 598 2077 planum
615 1979 685 2053 iter
713 1979 920 2054 exhibeant.
971 1982 1065 2057 Vide
1091 1983 1217 2080 igitur,
1245 1997 1293 2060 ut

156 2114 237 2210 quis
249 2113 417 2210 egregius
427 2113 678 2211 typographus
688 2093 822 2185 librum
838 2111 942 2184 illum
954 2136 1118 2203 aureum,
1131 2117 1291 2211 gemmis

154 2258 304 2320 auctum
322 2260 358 2320 et
381 2259 560 2334 ornatum,
577 2246 616 2320 in
641 2246 760 2319 lucem
786 2245 883 2335 edat,
902 2268 1020 2342 neque
1039 2247 1176 2322 diutius
1193 2251 1291 2346 pati.

154 2380 227 2452 aris
245 2404 329 2452 eum
345 2405 367 2453 a
383 2381 488 2454 nobis
506 2381 717 2455 desiderari.
770 2379 843 2453 Sed
860 2390 898 2453 et
911 2382 1102 2455 authorem
1115 2407 1182 2478 pro
1199 2384 1291 2458 viri-

152 2513 222 2586 bus
237 2537 381 2610 urgeas,
393 2538 439 2587 ne
450 2524 570 2588 totum
584 2538 717 2610 corpus
730 2509 1034 2611 philosophicum,
1050 2519 1148 2615 quod
1162 2532 1290 2594 mente

153 2648 300 2744 premit,
318 2660 357 2722 et
373 2648 512 2721 calamo
537 2646 707 2743 explicat,
726 2646 898 2744 deinceps
924 2673 1021 2739 arca,
1048 2653 1153 2726 nobis
1169 2652 1288 2746 fatali,

150 2782 359 2872 concludat,
375 2805 422 2854 ne
438 2781 587 2855 tandem
612 2803 679 2854 nos
700 2777 748 2851 ad
762 2781 1022 2857 authoritatem
1044 2786 1184 2883 regiam
1200 2813 1290 2884 pro.

151 2940 283 2989 vocare
313 2926 433 3012 cogat,
464 2939 537 3012 qua
562 2914 674 3011 ipsius
701 2936 825 2986 arcam
847 2915 1008 2991 invidam
1037 2921 1288 3017 effringamus.

155 3049 304 3124 Quanta
315 3060 441 3122 autem
449 3048 637 3144 voluptate
648 3045 785 3119 anobis
798 3044 977 3134 afficieris
993 3045 1139 3142 quando
1148 3045 1289 3120 videris

151 3180 312 3254 nobilem
329 3181 429 3254 illam
444 3178 722 3278 philosophiam,
745 3201 822 3250 non
851 3174 971 3250 minus
989 3200 1097 3273 quam
1121 3176 1289 3252 Euolidis

153 3308 343 3385 Elementa
365 3311 627 3385 demonstrari!
658 3311 779 3386 Quam
800 3310 958 3383 libenter
974 3308 1027 3381 illi
1043 3319 1117 3384 tuae
1133 3311 1289 3406 epoehae

152 3448 191 3509 et
213 3436 384 3533 scoptieis
408 3437 538 3512 naeniis
566 3438 841 3510 renuntiaturus
868 3457 918 3523 es,
937 3459 1020 3507 oum
1038 3435 1289 3531 dogmaticam

151 3724 238 3775 vero
260 3702 306 3776 Ι).
319 3703 502 3793 Rivetum,
518 3703 581 3778 ubi
595 3703 808 3803 Hugenium
827 3700 1031 3774 mirabilem
1051 3700 1171 3776 virum
1182 3701 1288 3776 vide-

137 3833 223 3930 ,riss
239 3835 375 3910 millies>
395 3860 458 3910 eos
485 3862 566 3911 meo
596 3837 744 3910 nomine
771 3836 907 3909 salutes
934 3834 1056 3928 velim,
1074 3860 1206 3934 meque
1227 3839 1288 3912 tui

152 3966 280 4040 eredas
302 3993 502 4045 memorem
522 3981 558 4046 et
578 3973 851 4070 obsequentem.
889 3969 1049 4046 Aureliae
1070 3995 1143 4044 xxv
1163 3971 1284 4068 April,

151 4100 406 4179 ololocxnvr.
