<?xml version="1.0" encoding="UTF-8"?>
<!DOCTYPE html PUBLIC "-//W3C//DTD XHTML 1.0 Transitional//EN"
    "http://www.w3.org/TR/xhtml1/DTD/xhtml1-transitional.dtd">
<html xmlns="http://www.w3.org/1999/xhtml" xml:lang="en" lang="en">
 <head>
  <title>
</title>
<meta http-equiv="Content-Type" content="text/html;charset=utf-8" />
  <meta name='ocr-system' content='tesseract 3.04.00' />
  <meta name='ocr-capabilities' content='ocr_page ocr_carea ocr_par ocr_line ocrx_word'/>
</head>
<body>
  <div class='ocr_page' id='page_1' title='image "./thomhobbesmalme09hobbgoog_0115.png"; bbox 0 0 2828 4912; ppageno 0'>
   <div class='ocr_carea' id='block_1_1' title="bbox 309 307 946 381">
    <p class='ocr_par' dir='ltr' id='par_1_1' title="bbox 309 307 946 381">
     <span class='ocr_line' id='line_1_1' title="bbox 309 307 946 381; baseline 0.011 -7"><span class='ocrx_word' id='word_1_1' title='bbox 309 307 378 377; x_wconf 89' lang='grc'>100</span> <span class='ocrx_word' id='word_1_2' title='bbox 692 327 745 379; x_wconf 85' lang='lat' dir='ltr'>nu</span> <span class='ocrx_word' id='word_1_3' title='bbox 765 321 946 381; x_wconf 79' lang='lat' dir='ltr'>nomint.</span> 
     </span>
    </p>
   </div>
   <div class='ocr_carea' id='block_1_2' title="bbox 109 493 1333 3653">
    <p class='ocr_par' dir='ltr' id='par_1_2' title="bbox 120 493 1333 594">
     <span class='ocr_line' id='line_1_2' title="bbox 120 493 1333 594; baseline 0.003 -31"><span class='ocrx_word' id='word_1_4' title='bbox 120 513 216 565; x_wconf 82' lang='lat' dir='ltr'>sscr.</span> <span class='ocrx_word' id='word_1_5' title='bbox 230 515 267 568; x_wconf 89' lang='lat' dir='ltr'>u.</span> <span class='ocrx_word' id='word_1_6' title='bbox 304 515 384 566; x_wconf 84' lang='lat' dir='ltr'>eam</span> <span class='ocrx_word' id='word_1_7' title='bbox 423 493 587 568; x_wconf 86' lang='lat' dir='ltr'>materiae</span> <span class='ocrx_word' id='word_1_8' title='bbox 620 495 804 592; x_wconf 87' lang='lat' dir='ltr'>applicare</span> <span class='ocrx_word' id='word_1_9' title='bbox 842 508 973 594; x_wconf 90' lang='lat' dir='ltr'>potest.</span> <span class='ocrx_word' id='word_1_10' title='bbox 1043 495 1192 570; x_wconf 86' lang='lat' dir='ltr'>Eaedem</span> <span class='ocrx_word' id='word_1_11' title='bbox 1227 494 1333 568; x_wconf 89' lang='lat' dir='ltr'>etiam</span> 
     </span>
    </p>

    <p class='ocr_par' dir='ltr' id='par_1_3' title="bbox 120 592 1333 1591">
     <span class='ocr_line' id='line_1_3' title="bbox 120 592 1333 707; baseline 0 -27"><span class='ocrx_word' id='word_1_12' title='bbox 120 592 265 700; x_wconf 57' lang='lat' dir='ltr'>...L</span> <span class='ocrx_word' id='word_1_13' title='bbox 303 607 446 703; x_wconf 87' lang='lat' dir='ltr'>publice</span> <span class='ocrx_word' id='word_1_14' title='bbox 470 609 682 700; x_wconf 86' lang='lat' dir='ltr'>utilissimae,</span> <span class='ocrx_word' id='word_1_15' title='bbox 699 619 743 683; x_wconf 93' lang='lat' dir='ltr'>ut</span> <span class='ocrx_word' id='word_1_16' title='bbox 767 609 897 707; x_wconf 90' lang='lat' dir='ltr'>quibus</span> <span class='ocrx_word' id='word_1_17' title='bbox 924 610 1143 684; x_wconf 86' lang='lat' dir='ltr'>omniafere</span> <span class='ocrx_word' id='word_1_18' title='bbox 1162 609 1333 682; x_wconf 86' lang='lat' dir='ltr'>debemus</span> 
     </span>
     <span class='ocr_line' id='line_1_4' title="bbox 303 721 1332 820; baseline -0.001 -26"><span class='ocrx_word' id='word_1_19' title='bbox 303 721 453 794; x_wconf 89' lang='lat' dir='ltr'>humani</span> <span class='ocrx_word' id='word_1_20' title='bbox 469 723 612 818; x_wconf 87' lang='lat' dir='ltr'>generis</span> <span class='ocrx_word' id='word_1_21' title='bbox 629 723 765 797; x_wconf 86' lang='lat' dir='ltr'>auxilia</span> <span class='ocrx_word' id='word_1_22' title='bbox 781 735 819 796; x_wconf 90' lang='lat' dir='ltr'>et</span> <span class='ocrx_word' id='word_1_23' title='bbox 836 734 1062 797; x_wconf 85' lang='lat' dir='ltr'>ornamenta.</span> <span class='ocrx_word' id='word_1_24' title='bbox 1125 723 1332 820; x_wconf 85' lang='lat' dir='ltr'>Intelligen-</span> 
     </span>
     <span class='ocr_line' id='line_1_5' title="bbox 305 833 1332 932; baseline -0.001 -24"><span class='ocrx_word' id='word_1_25' title='bbox 305 833 392 908; x_wconf 91' lang='lat' dir='ltr'>dum</span> <span class='ocrx_word' id='word_1_26' title='bbox 422 845 544 908; x_wconf 90' lang='lat' dir='ltr'>autem</span> <span class='ocrx_word' id='word_1_27' title='bbox 572 859 648 910; x_wconf 89' lang='lat' dir='ltr'>non</span> <span class='ocrx_word' id='word_1_28' title='bbox 679 861 805 911; x_wconf 91' lang='lat' dir='ltr'>omnes</span> <span class='ocrx_word' id='word_1_29' title='bbox 833 837 968 910; x_wconf 87' lang='lat' dir='ltr'>habere</span> <span class='ocrx_word' id='word_1_30' title='bbox 1004 837 1196 911; x_wconf 86' lang='lat' dir='ltr'>scientiam</span> <span class='ocrx_word' id='word_1_31' title='bbox 1227 859 1332 932; x_wconf 88' lang='lat' dir='ltr'>quam</span> 
     </span>
     <span class='ocr_line' id='line_1_6' title="bbox 303 949 1332 1047; baseline 0 -27"><span class='ocrx_word' id='word_1_32' title='bbox 303 949 546 1045; x_wconf 89' lang='lat' dir='ltr'>profitentur;</span> <span class='ocrx_word' id='word_1_33' title='bbox 572 974 658 1023; x_wconf 89' lang='lat' dir='ltr'>nam</span> <span class='ocrx_word' id='word_1_34' title='bbox 684 950 809 1047; x_wconf 93' lang='lat' dir='ltr'>quide</span> <span class='ocrx_word' id='word_1_35' title='bbox 832 975 954 1024; x_wconf 90' lang='lat' dir='ltr'>rerum</span> <span class='ocrx_word' id='word_1_36' title='bbox 978 951 1096 1024; x_wconf 88' lang='lat' dir='ltr'>causis</span> <span class='ocrx_word' id='word_1_37' title='bbox 1113 973 1158 1022; x_wconf 89' lang='lat' dir='ltr'>ex</span> <span class='ocrx_word' id='word_1_38' title='bbox 1182 949 1332 1022; x_wconf 90' lang='lat' dir='ltr'>aliorum</span> 
     </span>
     <span class='ocr_line' id='line_1_7' title="bbox 305 1059 1330 1160; baseline 0 -28"><span class='ocrx_word' id='word_1_39' title='bbox 305 1059 451 1158; x_wconf 87' lang='lat' dir='ltr'>scriptis</span> <span class='ocrx_word' id='word_1_40' title='bbox 463 1061 655 1152; x_wconf 79' lang='lat' dir='ltr'>dissenmt,</span> <span class='ocrx_word' id='word_1_41' title='bbox 669 1086 788 1159; x_wconf 87' lang='lat' dir='ltr'>neque</span> <span class='ocrx_word' id='word_1_42' title='bbox 800 1063 1008 1160; x_wconf 88' lang='lat' dir='ltr'>quicquam,</span> <span class='ocrx_word' id='word_1_43' title='bbox 1020 1063 1173 1135; x_wconf 89' lang='lat' dir='ltr'>aliorum</span> <span class='ocrx_word' id='word_1_44' title='bbox 1192 1071 1330 1134; x_wconf 90' lang='lat' dir='ltr'>senten-</span> 
     </span>
     <span class='ocr_line' id='line_1_8' title="bbox 303 1174 1330 1266; baseline 0.001 -20"><span class='ocrx_word' id='word_1_45' title='bbox 303 1174 373 1247; x_wconf 88' lang='lat' dir='ltr'>tias</span> <span class='ocrx_word' id='word_1_46' title='bbox 397 1175 690 1266; x_wconf 67' lang='lat' dir='ltr'>transcribentes</span> <span class='ocrx_word' id='word_1_47' title='bbox 709 1175 957 1262; x_wconf 87' lang='lat' dir='ltr'>adinveniunt,</span> <span class='ocrx_word' id='word_1_48' title='bbox 975 1177 1124 1250; x_wconf 91' lang='lat' dir='ltr'>omuino</span> <span class='ocrx_word' id='word_1_49' title='bbox 1140 1176 1251 1249; x_wconf 90' lang='lat' dir='ltr'>utiles</span> <span class='ocrx_word' id='word_1_50' title='bbox 1265 1199 1330 1248; x_wconf 90' lang='lat' dir='ltr'>nou</span> 
     </span>
     <span class='ocr_line' id='line_1_9' title="bbox 304 1288 1331 1387; baseline -0.002 -26"><span class='ocrx_word' id='word_1_51' title='bbox 304 1298 400 1362; x_wconf 91' lang='lat' dir='ltr'>sunt.</span> <span class='ocrx_word' id='word_1_52' title='bbox 452 1289 548 1363; x_wconf 86' lang='lat' dir='ltr'>Nam</span> <span class='ocrx_word' id='word_1_53' title='bbox 573 1301 695 1364; x_wconf 86' lang='lat' dir='ltr'>aetum</span> <span class='ocrx_word' id='word_1_54' title='bbox 722 1314 832 1387; x_wconf 85' lang='lat' dir='ltr'>agere</span> <span class='ocrx_word' id='word_1_55' title='bbox 848 1291 936 1364; x_wconf 91' lang='lat' dir='ltr'>boni</span> <span class='ocrx_word' id='word_1_56' title='bbox 961 1291 1000 1363; x_wconf 91' lang='lat' dir='ltr'>in</span> <span class='ocrx_word' id='word_1_57' title='bbox 1027 1314 1066 1364; x_wconf 92' lang='lat' dir='ltr'>se</span> <span class='ocrx_word' id='word_1_58' title='bbox 1095 1288 1187 1363; x_wconf 85' lang='lat' dir='ltr'>nihil</span> <span class='ocrx_word' id='word_1_59' title='bbox 1213 1290 1331 1375; x_wconf 86' lang='lat' dir='ltr'>habet,</span> 
     </span>
     <span class='ocr_line' id='line_1_10' title="bbox 304 1402 1331 1501; baseline -0.002 -26"><span class='ocrx_word' id='word_1_60' title='bbox 304 1402 369 1475; x_wconf 89' lang='lat' dir='ltr'>sed</span> <span class='ocrx_word' id='word_1_61' title='bbox 380 1414 520 1497; x_wconf 87' lang='lat' dir='ltr'>contra,</span> <span class='ocrx_word' id='word_1_62' title='bbox 534 1428 798 1501; x_wconf 86' lang='lat' dir='ltr'>nonnunquam</span> <span class='ocrx_word' id='word_1_63' title='bbox 811 1404 881 1477; x_wconf 86' lang='lat' dir='ltr'>hoo</span> <span class='ocrx_word' id='word_1_64' title='bbox 895 1404 1043 1493; x_wconf 89' lang='lat' dir='ltr'>malum,</span> <span class='ocrx_word' id='word_1_65' title='bbox 1059 1403 1157 1499; x_wconf 93' lang='lat' dir='ltr'>quod</span> <span class='ocrx_word' id='word_1_66' title='bbox 1170 1415 1331 1475; x_wconf 91' lang='lat' dir='ltr'>veterum</span> 
     </span>
     <span class='ocr_line' id='line_1_11' title="bbox 303 1516 1213 1591; baseline -0.002 -1"><span class='ocrx_word' id='word_1_67' title='bbox 303 1540 445 1591; x_wconf 90' lang='lat' dir='ltr'>errores</span> <span class='ocrx_word' id='word_1_68' title='bbox 463 1517 712 1591; x_wconf 84' lang='lat' dir='ltr'>confirmando</span> <span class='ocrx_word' id='word_1_69' title='bbox 728 1517 826 1591; x_wconf 86' lang='lat' dir='ltr'>viam</span> <span class='ocrx_word' id='word_1_70' title='bbox 842 1516 988 1590; x_wconf 85' lang='lat' dir='ltr'>veritati</span> <span class='ocrx_word' id='word_1_71' title='bbox 1008 1518 1213 1590; x_wconf 82' lang='lat' dir='ltr'><strong>obstruant.</strong></span> 
     </span>
    </p>

    <p class='ocr_par' dir='ltr' id='par_1_4' title="bbox 148 1629 1332 3086">
     <span class='ocr_line' id='line_1_12' title="bbox 153 1629 1331 1728; baseline -0.005 -24"><span class='ocrx_word' id='word_1_72' title='bbox 153 1645 237 1691; x_wconf 66' lang='lat' dir='ltr'>um.</span> <span class='ocrx_word' id='word_1_73' title='bbox 356 1639 412 1704; x_wconf 91' lang='lat'>10.</span> <span class='ocrx_word' id='word_1_74' title='bbox 463 1631 596 1706; x_wconf 88' lang='lat' dir='ltr'>Literae</span> <span class='ocrx_word' id='word_1_75' title='bbox 624 1656 783 1728; x_wconf 90' lang='lat' dir='ltr'>quoque,</span> <span class='ocrx_word' id='word_1_76' title='bbox 804 1633 953 1720; x_wconf 90' lang='lat' dir='ltr'>bonum,</span> <span class='ocrx_word' id='word_1_77' title='bbox 980 1655 1112 1727; x_wconf 88' lang='lat' dir='ltr'><strong>nempe</strong></span> <span class='ocrx_word' id='word_1_78' title='bbox 1139 1629 1277 1726; x_wconf 90' lang='lat' dir='ltr'>linguae</span> <span class='ocrx_word' id='word_1_79' title='bbox 1300 1635 1331 1698; x_wconf 90' lang='lat' dir='ltr'>et</span> 
     </span>
     <span class='ocr_line' id='line_1_13' title="bbox 301 1741 1331 1841; baseline -0.004 -25"><span class='ocrx_word' id='word_1_80' title='bbox 301 1743 486 1828; x_wconf 87' lang='lat' dir='ltr'>historiae;</span> <span class='ocrx_word' id='word_1_81' title='bbox 512 1769 599 1818; x_wconf 86' lang='lat' dir='ltr'>nam</span> <span class='ocrx_word' id='word_1_82' title='bbox 621 1745 805 1841; x_wconf 88' lang='lat' dir='ltr'>jucundae.</span> <span class='ocrx_word' id='word_1_83' title='bbox 857 1744 977 1817; x_wconf 88' lang='lat' dir='ltr'>Etiam</span> <span class='ocrx_word' id='word_1_84' title='bbox 993 1743 1115 1831; x_wconf 88' lang='lat' dir='ltr'>utiles,</span> <span class='ocrx_word' id='word_1_85' title='bbox 1132 1741 1331 1838; x_wconf 87' lang='lat' dir='ltr'>praesertim</span> 
     </span>
     <span class='ocr_line' id='line_1_14' title="bbox 300 1855 1331 1954; baseline -0.005 -24"><span class='ocrx_word' id='word_1_86' title='bbox 300 1857 485 1942; x_wconf 81' lang='lat' dir='ltr'>historiae3</span> <span class='ocrx_word' id='word_1_87' title='bbox 530 1858 766 1954; x_wconf 87' lang='lat' dir='ltr'>suppeditant</span> <span class='ocrx_word' id='word_1_88' title='bbox 792 1858 890 1932; x_wconf 89' lang='lat' dir='ltr'>enim</span> <span class='ocrx_word' id='word_1_89' title='bbox 917 1857 1178 1952; x_wconf 85' lang='lat' dir='ltr'>experimenta,</span> <span class='ocrx_word' id='word_1_90' title='bbox 1206 1855 1331 1951; x_wconf 93' lang='lat' dir='ltr'>quibus</span> 
     </span>
     <span class='ocr_line' id='line_1_15' title="bbox 301 1967 1331 2066; baseline -0.002 -24"><span class='ocrx_word' id='word_1_91' title='bbox 301 1969 463 2044; x_wconf 86' lang='lat' dir='ltr'>scientiae</span> <span class='ocrx_word' id='word_1_92' title='bbox 477 1971 683 2044; x_wconf 82' lang='lat' dir='ltr'>innitumtur</span> <span class='ocrx_word' id='word_1_93' title='bbox 700 1995 915 2056; x_wconf 67' lang='lat' dir='ltr'>causarum</span> <span class='ocrx_word' id='word_1_94' title='bbox 938 1970 1093 2045; x_wconf 87' lang='lat' dir='ltr'>historia</span> <span class='ocrx_word' id='word_1_95' title='bbox 1110 1967 1258 2066; x_wconf 92' lang='lat' dir='ltr'>quidem</span> <span class='ocrx_word' id='word_1_96' title='bbox 1271 1992 1331 2041; x_wconf 88' lang='lat' dir='ltr'>na-</span> 
     </span>
     <span class='ocr_line' id='line_1_16' title="bbox 302 2081 1329 2181; baseline -0.003 -25"><span class='ocrx_word' id='word_1_97' title='bbox 302 2083 429 2156; x_wconf 84' lang='lat' dir='ltr'>turalis</span> <span class='ocrx_word' id='word_1_98' title='bbox 466 2084 638 2181; x_wconf 88' lang='lat' dir='ltr'>physicae,</span> <span class='ocrx_word' id='word_1_99' title='bbox 669 2084 833 2159; x_wconf 88' lang='lat' dir='ltr'>historiae</span> <span class='ocrx_word' id='word_1_100' title='bbox 862 2094 987 2157; x_wconf 88' lang='lat' dir='ltr'>autem</span> <span class='ocrx_word' id='word_1_101' title='bbox 1015 2084 1139 2157; x_wconf 88' lang='lat' dir='ltr'>civiles</span> <span class='ocrx_word' id='word_1_102' title='bbox 1170 2081 1329 2156; x_wconf 78' lang='lat' dir='ltr'>scientia</span> 
     </span>
     <span class='ocr_line' id='line_1_17' title="bbox 302 2194 1330 2291; baseline -0.003 -22"><span class='ocrx_word' id='word_1_103' title='bbox 302 2196 399 2270; x_wconf 85' lang='lat' dir='ltr'>civili</span> <span class='ocrx_word' id='word_1_104' title='bbox 425 2204 463 2269; x_wconf 91' lang='lat' dir='ltr'>et</span> <span class='ocrx_word' id='word_1_105' title='bbox 484 2197 634 2280; x_wconf 81' lang='lat' dir='ltr'>morali3</span> <span class='ocrx_word' id='word_1_106' title='bbox 660 2196 770 2291; x_wconf 90' lang='lat' dir='ltr'>idque</span> <span class='ocrx_word' id='word_1_107' title='bbox 796 2197 872 2269; x_wconf 89' lang='lat' dir='ltr'>sive</span> <span class='ocrx_word' id='word_1_108' title='bbox 897 2219 994 2270; x_wconf 84' lang='lat' dir='ltr'>verae</span> <span class='ocrx_word' id='word_1_109' title='bbox 1021 2195 1093 2268; x_wconf 90' lang='lat' dir='ltr'>sint</span> <span class='ocrx_word' id='word_1_110' title='bbox 1120 2195 1196 2268; x_wconf 90' lang='lat' dir='ltr'>sive</span> <span class='ocrx_word' id='word_1_111' title='bbox 1221 2194 1330 2282; x_wconf 87' lang='lat' dir='ltr'>falsae,</span> 
     </span>
     <span class='ocr_line' id='line_1_18' title="bbox 301 2308 1331 2406; baseline -0.002 -24"><span class='ocrx_word' id='word_1_112' title='bbox 301 2309 411 2383; x_wconf 93' lang='lat' dir='ltr'>modo</span> <span class='ocrx_word' id='word_1_113' title='bbox 428 2333 503 2382; x_wconf 90' lang='lat' dir='ltr'>non</span> <span class='ocrx_word' id='word_1_114' title='bbox 520 2308 593 2382; x_wconf 90' lang='lat' dir='ltr'>sint</span> <span class='ocrx_word' id='word_1_115' title='bbox 608 2308 858 2406; x_wconf 89' lang='lat' dir='ltr'>impossibiles.</span> <span class='ocrx_word' id='word_1_116' title='bbox 886 2310 930 2382; x_wconf 91' lang='lat' dir='ltr'>In</span> <span class='ocrx_word' id='word_1_117' title='bbox 948 2309 1108 2383; x_wconf 84' lang='lat' dir='ltr'>scientiis</span> <span class='ocrx_word' id='word_1_118' title='bbox 1126 2309 1222 2382; x_wconf 90' lang='lat' dir='ltr'>enim</span> <span class='ocrx_word' id='word_1_119' title='bbox 1238 2331 1331 2403; x_wconf 88' lang='lat' dir='ltr'>quae·</span> 
     </span>
     <span class='ocr_line' id='line_1_19' title="bbox 301 2423 1332 2521; baseline 0 -27"><span class='ocrx_word' id='word_1_120' title='bbox 301 2433 433 2495; x_wconf 81' lang='lat' dir='ltr'>rrmtur</span> <span class='ocrx_word' id='word_1_121' title='bbox 463 2446 581 2496; x_wconf 86' lang='lat' dir='ltr'>causae</span> <span class='ocrx_word' id='word_1_122' title='bbox 609 2447 685 2496; x_wconf 92' lang='lat' dir='ltr'>non</span> <span class='ocrx_word' id='word_1_123' title='bbox 715 2434 792 2497; x_wconf 91' lang='lat' dir='ltr'>tam</span> <span class='ocrx_word' id='word_1_124' title='bbox 819 2447 947 2497; x_wconf 89' lang='lat' dir='ltr'>eorum</span> <span class='ocrx_word' id='word_1_125' title='bbox 974 2448 1056 2521; x_wconf 87' lang='lat' dir='ltr'>quae</span> <span class='ocrx_word' id='word_1_126' title='bbox 1082 2423 1197 2511; x_wconf 84' lang='lat' dir='ltr'>fuere,</span> <span class='ocrx_word' id='word_1_127' title='bbox 1226 2445 1332 2518; x_wconf 89' lang='lat' dir='ltr'>quam</span> 
     </span>
     <span class='ocr_line' id='line_1_20' title="bbox 301 2536 1331 2634; baseline -0.002 -25"><span class='ocrx_word' id='word_1_128' title='bbox 301 2560 524 2633; x_wconf 86' lang='lat' dir='ltr'>eorumquae</span> <span class='ocrx_word' id='word_1_129' title='bbox 541 2560 618 2609; x_wconf 91' lang='lat' dir='ltr'>esse</span> <span class='ocrx_word' id='word_1_130' title='bbox 631 2547 794 2634; x_wconf 87' lang='lat' dir='ltr'>possunt.</span> <span class='ocrx_word' id='word_1_131' title='bbox 822 2537 974 2633; x_wconf 87' lang='lat' dir='ltr'>Linguae</span> <span class='ocrx_word' id='word_1_132' title='bbox 988 2537 1101 2610; x_wconf 91' lang='lat' dir='ltr'>etiam</span> <span class='ocrx_word' id='word_1_133' title='bbox 1113 2536 1223 2609; x_wconf 87' lang='lat' dir='ltr'>utiles</span> <span class='ocrx_word' id='word_1_134' title='bbox 1236 2547 1331 2621; x_wconf 91' lang='lat' dir='ltr'>sunt,</span> 
     </span>
     <span class='ocr_line' id='line_1_21' title="bbox 301 2649 1331 2748; baseline 0 -26"><span class='ocrx_word' id='word_1_135' title='bbox 301 2672 384 2745; x_wconf 86' lang='lat' dir='ltr'>quae</span> <span class='ocrx_word' id='word_1_136' title='bbox 400 2649 439 2722; x_wconf 92' lang='lat' dir='ltr'>in</span> <span class='ocrx_word' id='word_1_137' title='bbox 452 2673 521 2723; x_wconf 86' lang='lat' dir='ltr'>usu</span> <span class='ocrx_word' id='word_1_138' title='bbox 537 2660 622 2723; x_wconf 89' lang='lat' dir='ltr'>sunt</span> <span class='ocrx_word' id='word_1_139' title='bbox 638 2651 736 2747; x_wconf 93' lang='lat' dir='ltr'>apud</span> <span class='ocrx_word' id='word_1_140' title='bbox 753 2661 881 2748; x_wconf 84' lang='lat' dir='ltr'>gentes</span> <span class='ocrx_word' id='word_1_141' title='bbox 897 2650 1047 2740; x_wconf 76' lang='lat' dir='ltr'>vieinaS,</span> <span class='ocrx_word' id='word_1_142' title='bbox 1065 2660 1218 2747; x_wconf 88' lang='lat' dir='ltr'>propter</span> <span class='ocrx_word' id='word_1_143' title='bbox 1234 2673 1331 2723; x_wconf 86' lang='lat' dir='ltr'>eom-</span> 
     </span>
     <span class='ocr_line' id='line_1_22' title="bbox 299 2763 1330 2859; baseline -0.001 -23"><span class='ocrx_word' id='word_1_144' title='bbox 299 2763 436 2836; x_wconf 88' lang='lat' dir='ltr'>meroia</span> <span class='ocrx_word' id='word_1_145' title='bbox 465 2771 502 2835; x_wconf 86' lang='lat' dir='ltr'>et</span> <span class='ocrx_word' id='word_1_146' title='bbox 531 2763 806 2859; x_wconf 88' lang='lat' dir='ltr'>negotiationes.</span> <span class='ocrx_word' id='word_1_147' title='bbox 858 2764 951 2836; x_wconf 91' lang='lat' dir='ltr'>Item</span> <span class='ocrx_word' id='word_1_148' title='bbox 974 2764 1104 2836; x_wconf 86' lang='lat' dir='ltr'>Latina</span> <span class='ocrx_word' id='word_1_149' title='bbox 1131 2773 1168 2836; x_wconf 91' lang='lat' dir='ltr'>et</span> <span class='ocrx_word' id='word_1_150' title='bbox 1195 2764 1330 2850; x_wconf 73' lang='lat' dir='ltr'>Graeca,</span> 
     </span>
     <span class='ocr_line' id='line_1_23' title="bbox 299 2874 1234 2972; baseline -0.001 -23"><span class='ocrx_word' id='word_1_151' title='bbox 299 2898 432 2972; x_wconf 88' lang='lat' dir='ltr'>nempe</span> <span class='ocrx_word' id='word_1_152' title='bbox 447 2876 583 2972; x_wconf 87' lang='lat' dir='ltr'>linguae</span> <span class='ocrx_word' id='word_1_153' title='bbox 601 2874 847 2966; x_wconf 86' lang='lat' dir='ltr'>scientiarum,</span> <span class='ocrx_word' id='word_1_154' title='bbox 864 2887 1015 2972; x_wconf 89' lang='lat' dir='ltr'>propter</span> <span class='ocrx_word' id='word_1_155' title='bbox 1031 2875 1234 2949; x_wconf 86' lang='lat' dir='ltr'>seientiam.</span> 
     </span>
     <span class='ocr_line' id='line_1_24' title="bbox 148 2989 1330 3086; baseline 0.003 -30"><span class='ocrx_word' id='word_1_156' title='bbox 148 3009 246 3069; x_wconf 58' lang='lat' dir='ltr'>neom</span> <span class='ocrx_word' id='word_1_157' title='bbox 355 2998 410 3063; x_wconf 92' lang='lat'>11.</span> <span class='ocrx_word' id='word_1_158' title='bbox 437 2989 650 3086; x_wconf 85' lang='lat' dir='ltr'>Negotium,</span> <span class='ocrx_word' id='word_1_159' title='bbox 668 2991 830 3064; x_wconf 86' lang='lat' dir='ltr'>bouum:</span> <span class='ocrx_word' id='word_1_160' title='bbox 858 2990 993 3062; x_wconf 88' lang='lat' dir='ltr'>etenim</span> <span class='ocrx_word' id='word_1_161' title='bbox 1006 2990 1091 3062; x_wconf 89' lang='lat' dir='ltr'>vitae</span> <span class='ocrx_word' id='word_1_162' title='bbox 1117 3001 1239 3062; x_wconf 92' lang='lat' dir='ltr'>motus</span> <span class='ocrx_word' id='word_1_163' title='bbox 1265 2997 1330 3061; x_wconf 91' lang='lat' dir='ltr'>est.</span> 
     </span>
    </p>

    <p class='ocr_par' dir='ltr' id='par_1_5' title="bbox 300 3101 1333 3540">
     <span class='ocr_line' id='line_1_25' title="bbox 301 3101 1330 3200; baseline -0.004 -26"><span class='ocrx_word' id='word_1_164' title='bbox 301 3102 429 3198; x_wconf 88' lang='lat' dir='ltr'>ltaque</span> <span class='ocrx_word' id='word_1_165' title='bbox 446 3103 517 3175; x_wconf 93' lang='lat' dir='ltr'>uisi</span> <span class='ocrx_word' id='word_1_166' title='bbox 534 3103 581 3176; x_wconf 93' lang='lat' dir='ltr'>sit</span> <span class='ocrx_word' id='word_1_167' title='bbox 592 3102 692 3200; x_wconf 92' lang='lat' dir='ltr'>quod</span> <span class='ocrx_word' id='word_1_168' title='bbox 704 3127 803 3199; x_wconf 85' lang='lat' dir='ltr'>agas,</span> <span class='ocrx_word' id='word_1_169' title='bbox 815 3102 1012 3175; x_wconf 86' lang='lat' dir='ltr'>ambulatio</span> <span class='ocrx_word' id='word_1_170' title='bbox 1023 3125 1091 3198; x_wconf 91' lang='lat' dir='ltr'>pro</span> <span class='ocrx_word' id='word_1_171' title='bbox 1104 3101 1252 3198; x_wconf 89' lang='lat' dir='ltr'>negotio</span> <span class='ocrx_word' id='word_1_172' title='bbox 1266 3111 1330 3172; x_wconf 90' lang='lat' dir='ltr'>est.</span> 
     </span>
     <span class='ocr_line' id='line_1_26' title="bbox 304 3215 1329 3314; baseline -0.002 -28"><span class='ocrx_word' id='word_1_173' title='bbox 304 3215 383 3301; x_wconf 81' lang='lat' dir='ltr'>Quo</span> <span class='ocrx_word' id='word_1_174' title='bbox 397 3239 452 3287; x_wconf 83' lang='lat' dir='ltr'>me</span> <span class='ocrx_word' id='word_1_175' title='bbox 465 3226 618 3305; x_wconf 79' lang='lat' dir='ltr'>vertam,</span> <span class='ocrx_word' id='word_1_176' title='bbox 633 3217 727 3312; x_wconf 80' lang='lat' dir='ltr'>quid</span> <span class='ocrx_word' id='word_1_177' title='bbox 735 3221 878 3314; x_wconf 69' lang='lat' dir='ltr'>agam?</span> <span class='ocrx_word' id='word_1_178' title='bbox 894 3240 1002 3289; x_wconf 87' lang='lat' dir='ltr'>voees</span> <span class='ocrx_word' id='word_1_179' title='bbox 1020 3226 1106 3289; x_wconf 89' lang='lat' dir='ltr'>sunt</span> <span class='ocrx_word' id='word_1_180' title='bbox 1119 3215 1329 3289; x_wconf 87' lang='lat' dir='ltr'>dolentium.</span> 
     </span>
     <span class='ocr_line' id='line_1_27' title="bbox 301 3329 1333 3426; baseline -0.004 -22"><span class='ocrx_word' id='word_1_181' title='bbox 301 3329 428 3404; x_wconf 91' lang='lat' dir='ltr'>Otium</span> <span class='ocrx_word' id='word_1_182' title='bbox 444 3338 603 3426; x_wconf 90' lang='lat' dir='ltr'>torquet.</span> <span class='ocrx_word' id='word_1_183' title='bbox 642 3330 787 3403; x_wconf 88' lang='lat' dir='ltr'>Natura</span> <span class='ocrx_word' id='word_1_184' title='bbox 798 3353 917 3426; x_wconf 89' lang='lat' dir='ltr'>neque</span> <span class='ocrx_word' id='word_1_185' title='bbox 929 3331 1049 3403; x_wconf 89' lang='lat' dir='ltr'>locum</span> <span class='ocrx_word' id='word_1_186' title='bbox 1061 3353 1179 3425; x_wconf 86' lang='lat' dir='ltr'>neque</span> <span class='ocrx_word' id='word_1_187' title='bbox 1190 3340 1333 3426; x_wconf 90' lang='lat' dir='ltr'>tempus</span> 
     </span>
     <span class='ocr_line' id='line_1_28' title="bbox 300 3443 716 3540; baseline 0.005 -25"><span class='ocrx_word' id='word_1_188' title='bbox 300 3466 456 3516; x_wconf 87' lang='lat' dir='ltr'>vacuum</span> <span class='ocrx_word' id='word_1_189' title='bbox 474 3467 551 3516; x_wconf 87' lang='lat' dir='ltr'>esse</span> <span class='ocrx_word' id='word_1_190' title='bbox 567 3443 716 3540; x_wconf 87' lang='lat' dir='ltr'>patitur.</span> 
     </span>
    </p>

    <p class='ocr_par' dir='ltr' id='par_1_6' title="bbox 109 3555 1331 3653">
     <span class='ocr_line' id='line_1_29' title="bbox 109 3555 1331 3653; baseline 0.002 -27"><span class='ocrx_word' id='word_1_191' title='bbox 109 3565 280 3626; x_wconf 60' lang='lat' dir='ltr'>ramoque.</span> <span class='ocrx_word' id='word_1_192' title='bbox 356 3565 412 3629; x_wconf 85' lang='lat'>12.</span> <span class='ocrx_word' id='word_1_193' title='bbox 439 3555 624 3652; x_wconf 85' lang='lat' dir='ltr'>Progredi,</span> <span class='ocrx_word' id='word_1_194' title='bbox 639 3555 842 3653; x_wconf 88' lang='lat' dir='ltr'>jucundum</span> <span class='ocrx_word' id='word_1_195' title='bbox 857 3589 866 3642; x_wconf 91' lang='lat'>;</span> <span class='ocrx_word' id='word_1_196' title='bbox 895 3558 980 3652; x_wconf 90' lang='lat' dir='ltr'>quia</span> <span class='ocrx_word' id='word_1_197' title='bbox 1007 3557 1054 3629; x_wconf 93' lang='lat' dir='ltr'>ad</span> <span class='ocrx_word' id='word_1_198' title='bbox 1070 3557 1193 3645; x_wconf 89' lang='lat' dir='ltr'>finem,</span> <span class='ocrx_word' id='word_1_199' title='bbox 1210 3556 1249 3629; x_wconf 95' lang='lat' dir='ltr'>id</span> <span class='ocrx_word' id='word_1_200' title='bbox 1266 3567 1331 3642; x_wconf 91' lang='lat' dir='ltr'>est,</span> 
     </span>
    </p>
   </div>
   <div class='ocr_carea' id='block_1_3' title="bbox 301 3668 1332 3767">
    <p class='ocr_par' dir='ltr' id='par_1_7' title="bbox 301 3647 1399 3769">
     <span class='ocr_line' id='line_1_30' title="bbox 301 3668 1332 3767; baseline -0.004 -23"><span class='ocrx_word' id='word_1_201' title='bbox 301 3668 350 3744; x_wconf 86' lang='lat' dir='ltr'>ad</span> <span class='ocrx_word' id='word_1_202' title='bbox 362 3669 559 3765; x_wconf 87' lang='lat' dir='ltr'>jucundius</span> <span class='ocrx_word' id='word_1_203' title='bbox 572 3670 876 3767; x_wconf 86' lang='lat' dir='ltr'>appropinquatio</span> <span class='ocrx_word' id='word_1_204' title='bbox 887 3683 954 3743; x_wconf 87' lang='lat' dir='ltr'>est.</span> <span class='ocrx_word' id='word_1_205' title='bbox 981 3671 1122 3743; x_wconf 91' lang='lat' dir='ltr'>Malum</span> <span class='ocrx_word' id='word_1_206' title='bbox 1134 3670 1257 3743; x_wconf 88' lang='lat' dir='ltr'>videre</span> <span class='ocrx_word' id='word_1_207' title='bbox 1268 3669 1332 3742; x_wconf 83' lang='lat' dir='ltr'>ali-</span> 
     </span>
    </p>
   </div>
   <div class='ocr_carea' id='block_1_4' title="bbox 298 3783 1333 4213">
    <p class='ocr_par' dir='ltr' id='par_1_8' title="bbox 298 3783 1333 4213">
     <span class='ocr_line' id='line_1_31' title="bbox 300 3783 1331 3882; baseline -0.003 -24"><span class='ocrx_word' id='word_1_208' title='bbox 300 3809 422 3874; x_wconf 91' lang='lat' dir='ltr'>enum,</span> <span class='ocrx_word' id='word_1_209' title='bbox 443 3783 667 3882; x_wconf 87' lang='lat' dir='ltr'>jucundum:</span> <span class='ocrx_word' id='word_1_210' title='bbox 692 3784 814 3880; x_wconf 87' lang='lat' dir='ltr'>placet</span> <span class='ocrx_word' id='word_1_211' title='bbox 831 3785 929 3857; x_wconf 92' lang='lat' dir='ltr'>enim</span> <span class='ocrx_word' id='word_1_212' title='bbox 946 3808 1021 3857; x_wconf 91' lang='lat' dir='ltr'>non</span> <span class='ocrx_word' id='word_1_213' title='bbox 1037 3797 1080 3858; x_wconf 94' lang='lat' dir='ltr'>ut</span> <span class='ocrx_word' id='word_1_214' title='bbox 1103 3784 1250 3872; x_wconf 84' lang='lat' dir='ltr'>malum,</span> <span class='ocrx_word' id='word_1_215' title='bbox 1270 3783 1331 3856; x_wconf 90' lang='lat' dir='ltr'>sed</span> 
     </span>
     <span class='ocr_line' id='line_1_32' title="bbox 298 3895 1333 3993; baseline -0.002 -22"><span class='ocrx_word' id='word_1_216' title='bbox 298 3908 342 3971; x_wconf 92' lang='lat' dir='ltr'>ut</span> <span class='ocrx_word' id='word_1_217' title='bbox 370 3898 540 3971; x_wconf 87' lang='lat' dir='ltr'>alienum.</span> <span class='ocrx_word' id='word_1_218' title='bbox 593 3897 682 3971; x_wconf 85' lang='lat' dir='ltr'>Inde</span> <span class='ocrx_word' id='word_1_219' title='bbox 706 3907 772 3986; x_wconf 90' lang='lat' dir='ltr'>est,</span> <span class='ocrx_word' id='word_1_220' title='bbox 802 3897 901 3993; x_wconf 92' lang='lat' dir='ltr'>quod</span> <span class='ocrx_word' id='word_1_221' title='bbox 930 3898 1070 3971; x_wconf 88' lang='lat' dir='ltr'>soleant</span> <span class='ocrx_word' id='word_1_222' title='bbox 1091 3898 1256 3971; x_wconf 90' lang='lat' dir='ltr'>homines</span> <span class='ocrx_word' id='word_1_223' title='bbox 1287 3895 1333 3970; x_wconf 92' lang='lat' dir='ltr'>ad</span> 
     </span>
     <span class='ocr_line' id='line_1_33' title="bbox 298 4011 1330 4114; baseline -0.002 -30"><span class='ocrx_word' id='word_1_224' title='bbox 298 4012 427 4085; x_wconf 88' lang='lat' dir='ltr'>mortis</span> <span class='ocrx_word' id='word_1_225' title='bbox 455 4023 493 4084; x_wconf 90' lang='lat' dir='ltr'>et</span> <span class='ocrx_word' id='word_1_226' title='bbox 513 4011 666 4107; x_wconf 89' lang='lat' dir='ltr'>periculi</span> <span class='ocrx_word' id='word_1_227' title='bbox 689 4011 842 4083; x_wconf 88' lang='lat' dir='ltr'>aliorum</span> <span class='ocrx_word' id='word_1_228' title='bbox 869 4011 1077 4114; x_wconf 81' lang='lat' dir='ltr'>spectacula</span> <span class='ocrx_word' id='word_1_229' title='bbox 1104 4034 1330 4084; x_wconf 85' lang='lat' dir='ltr'>concurrere.</span> 
     </span>
     <span class='ocr_line' id='line_1_34' title="bbox 301 4123 1332 4213; baseline -0.001 -16"><span class='ocrx_word' id='word_1_230' title='bbox 301 4124 485 4213; x_wconf 89' lang='lat' dir='ltr'>Similiter,</span> <span class='ocrx_word' id='word_1_231' title='bbox 500 4126 635 4197; x_wconf 88' lang='lat' dir='ltr'>bonum</span> <span class='ocrx_word' id='word_1_232' title='bbox 650 4123 774 4197; x_wconf 88' lang='lat' dir='ltr'>videre</span> <span class='ocrx_word' id='word_1_233' title='bbox 787 4124 944 4196; x_wconf 84' lang='lat' dir='ltr'>alienum</span> <span class='ocrx_word' id='word_1_234' title='bbox 958 4125 1151 4198; x_wconf 89' lang='lat' dir='ltr'>molestum</span> <span class='ocrx_word' id='word_1_235' title='bbox 1165 4137 1233 4208; x_wconf 89' lang='lat' dir='ltr'>est;</span> <span class='ocrx_word' id='word_1_236' title='bbox 1257 4149 1332 4198; x_wconf 90' lang='lat' dir='ltr'>non</span> 
     </span>
    </p>
   </div>
   <div class='ocr_carea' id='block_1_5' title="bbox 299 4235 1332 4336">
    <p class='ocr_par' dir='ltr' id='par_1_9' title="bbox 299 4235 1332 4336">
     <span class='ocr_line' id='line_1_35' title="bbox 299 4235 1332 4336; baseline -0.002 -24"><span class='ocrx_word' id='word_1_237' title='bbox 299 4245 423 4312; x_wconf 86' lang='lat' dir='ltr'>tamen</span> <span class='ocrx_word' id='word_1_238' title='bbox 435 4247 477 4311; x_wconf 85' lang='lat' dir='ltr'>ut</span> <span class='ocrx_word' id='word_1_239' title='bbox 493 4238 642 4325; x_wconf 90' lang='lat' dir='ltr'>bonum,</span> <span class='ocrx_word' id='word_1_240' title='bbox 656 4235 720 4312; x_wconf 89' lang='lat' dir='ltr'>sed</span> <span class='ocrx_word' id='word_1_241' title='bbox 736 4248 779 4311; x_wconf 92' lang='lat' dir='ltr'>ut</span> <span class='ocrx_word' id='word_1_242' title='bbox 795 4237 965 4312; x_wconf 91' lang='lat' dir='ltr'>alienum.</span> <span class='ocrx_word' id='word_1_243' title='bbox 1018 4238 1191 4329; x_wconf 90' lang='lat' dir='ltr'>Imitatio,</span> <span class='ocrx_word' id='word_1_244' title='bbox 1200 4239 1332 4336; x_wconf 87' lang='lat' dir='ltr'>jucun-</span> 
     </span>
    </p>
   </div>
   <div class='ocr_carea' id='block_1_6' title="bbox 0 0 1418 4912">
    <p class='ocr_par' dir='ltr' id='par_1_10' title="bbox 0 0 1418 4912">
     <span class='ocr_line' id='line_1_36' title="bbox 0 0 1418 4912; baseline 0 1"><span class='ocrx_word' id='word_1_245' title='bbox 0 0 1418 4912; x_wconf 95' lang='lat' dir='ltr'> </span> 
     </span>
    </p>
   </div>
  </div>
 </body>
</html>
