2904 4912
322 321 376 372 nn
397 319 671 374 uncnsslnns
691 321 745 376 sn
766 323 971 376 sennenn.
1094 313 1168 378 419

117 490 241 578 istam,
259 489 352 563 nibil
378 502 435 562 est
461 490 572 579 aliud,
590 513 700 586 quam
726 513 927 591 agnoscere
951 515 1029 565 esse
1047 515 1169 566 cama
1199 527 1299 578 sem,
1315 528 1367 578 ur.

117 605 226 676 nobis
252 603 340 699 ipsis
365 603 514 677 factam.
568 605 736 678 Quorum
754 604 853 677 enim
876 604 1029 678 arbitrio
1050 616 1089 677 et
1114 605 1168 678 lo·
1211 605 1354 709 L

118 716 258 812 quendi
271 715 365 812 lege,
376 741 551 790 numerus
576 750 580 812 Ι
608 749 613 812 Ι
638 729 791 790 vocatus
810 730 866 791 est
881 718 1058 807 binarius
1085 735 1090 797 t
1117 735 1122 795 Ι
1149 734 1154 796 Ι
1181 742 1383 820 Quidotfloent

117 831 314 919 ternarius
333 843 372 903 et
395 845 400 909 1
427 847 432 909 Ι
460 845 464 910 Ι
492 847 497 907 Ι
524 843 529 907 l
553 831 755 928 quinarius
774 855 901 904 eorum
925 831 1077 905 arbitrio
1093 831 1167 904 fac·
1181 809 1292 930 {iffi
1302 808 1383 930 iiiiii]

117 955 199 1015 turn
218 957 284 1033 est,
301 953 344 1016 ut
360 967 449 1015 vera
469 944 517 1016 sit
540 944 766 1040 propositio:
794 943 966 1017 binarius
983 956 1022 1017 et
1040 954 1168 1016 ternu·
1180 938 1383 1061 2{⁰23‘0ffi322³¹

33 1135 36 1140 ,
118 1057 202 1127 rius
221 1055 328 1128 simul
346 1056 483 1152 sumpti
499 1055 642 1128 faciunt
659 1056 884 1153 quinarium.
938 1055 1113 1130 Similiter
1138 1057 1168 1130 si

118 1168 394 1242 meminerimus
408 1169 498 1264 qnid
511 1170 570 1259 sit,
584 1169 685 1266 quod
696 1182 851 1244 vocatur
853 1171 1010 1268 furtum
1028 1185 1066 1245 et
1080 1171 1169 1267 quid

119 1281 276 1375 injuria,
307 1281 466 1354 sciemus
500 1307 545 1355 ex
579 1283 666 1379 ipsis
693 1284 856 1372 vocibus,
887 1309 933 1358 au
964 1309 1093 1358 verum
1120 1285 1169 1357 sit

101 1394 262 1488 sertam
287 1420 372 1467 cese
397 1395 587 1490 injuriam,
604 1421 732 1470 necne.
793 1397 947 1470 Veritus
973 1398 1072 1471 idem
1098 1409 1167 1486 est,

118 1508 220 1603 quod
236 1533 328 1580 vera
342 1509 560 1606 propositio
574 1537 588 1594 ;
615 1534 705 1583 uera
723 1521 848 1583 autem
866 1523 923 1583 est
933 1511 1167 1609 propositio,

117 1620 157 1693 in
185 1645 257 1716 qua
283 1647 411 1694 nomen
437 1647 677 1720 consequens,
696 1622 797 1719 quod
820 1634 974 1696 vocatur
997 1623 1168 1720 alogicis

110 1735 378 1832 predicatum,
402 1735 660 1831 complectitur
685 1735 927 1833 amplitudine
953 1759 1019 1808 sue
1039 1761 1167 1808 nomen

117 1847 345 1920 curtecedeus
364 1847 463 1942 quod
479 1859 633 1922 vocatur
658 1848 861 1942 subjectum
872 1876 886 1933 ;
914 1861 953 1921 et
970 1849 1167 1922 ueritatem

118 1960 232 2049 scire,
251 1959 350 2032 idem
373 1961 483 2056 quod,
502 1983 581 2034 esse
606 1985 688 2034 eam
715 1985 737 2034 a
765 1961 950 2035 nobismet
972 1961 1062 2057 ipsis
1088 1962 1168 2058 ipse

115 2075 309 2147 nominum
325 2075 564 2170 usurpatione
591 2074 983 2163 sacramentonum.
1036 2076 1167 2171 Neque

98 2199 259 2260 ·temere
283 2188 370 2261 olim
395 2212 418 2260 a
443 2189 595 2261 Platone
618 2187 842 2276 dictumest,
861 2188 1058 2260 scientiam
1083 2212 1168 2260 csse

116 2301 342 2374 meruoriom.
385 2301 533 2374 Accidit
549 2314 675 2375 autem
693 2301 891 2386 interdum,
904 2313 947 2374 ut
963 2324 1083 2390 voces,
1097 2301 1168 2374 etsi

116 2425 258 2486 certam
276 2423 314 2486 et
337 2438 383 2486 ex
406 2415 608 2488 constituto
635 2415 825 2487 definitam
849 2415 1011 2487 habeant
1028 2415 1167 2511 signifi-

116 2528 312 2615 cationem,
324 2550 394 2599 usu
409 2539 533 2600 tamen
546 2528 689 2624 vulgari
700 2527 749 2600 ad
762 2527 969 2600 ornandum
981 2527 1040 2599 vel
1055 2528 1168 2600 etiam

114 2641 318 2714 fallendum
347 2641 562 2736 particulari
596 2640 718 2713 studio
748 2663 771 2712 a
798 2639 958 2735 propriis
985 2639 1169 2733 significa·

113 2755 277 2828 tionibus
294 2755 347 2826 ita
364 2755 598 2843 divellantur,
613 2766 656 2827 ut
672 2761 884 2848 conceptue,
901 2763 1056 2848 propter
1074 2775 1166 2848 qnos

114 2869 225 2940 rebus
257 2868 439 2963 impositae
474 2867 636 2954 fuerunt,
671 2889 845 2939 revocare
879 2866 918 2937 in
950 2865 1166 2938 memoriam

115 2981 372 3053 difficultatem
389 3005 562 3075 magnam
579 2981 725 3067 habeat,
744 3002 864 3074 neque
882 2977 954 3050 nisi
971 2977 1049 3050 acri
1068 2976 1167 3072 judi·

115 3096 174 3168 cio
210 3107 248 3167 et
282 3095 475 3191 diligentia
508 3094 668 3166 maxima
702 3091 959 3188 superandam.
1017 3091 1165 3164 Accidit

114 3233 275 3307 qnoque,
302 3210 479 3305 plurimas
508 3231 619 3282 voces
649 3206 789 3279 nullam
814 3206 951 3277 habere
976 3202 1165 3300 propriam

114 3325 194 3396 sive
224 3322 508 3396 determinatam
545 3333 583 3393 et
618 3320 773 3393 eandem
807 3319 945 3414 ubique
980 3317 1164 3413 significe-

112 3439 266 3526 tionem,
295 3448 407 3532 atque
432 3435 589 3531 intelligi
616 3457 692 3507 non
720 3457 786 3506 sna
812 3433 861 3518 vi,
886 3432 952 3504 sed
974 3431 1164 3527 signorum

113 3553 269 3624 aliorum
294 3550 402 3623 simul
428 3549 690 3621 adhibitorum.
740 3545 879 3634 Tertio,
897 3545 1048 3618 nomina
1065 3568 1165 3640 quae-

113 3665 201 3737 dam
229 3675 316 3737 sunt
345 3687 469 3735 rerum
502 3660 854 3756 inconceptibilium.
905 3659 1043 3730 Eorum
1074 3681 1164 3753 ergo

111 3801 251 3866 rerum,
270 3801 426 3873 quarum
450 3777 529 3872 ipsa
555 3786 641 3848 snut
666 3775 828 3862 nomine,
853 3783 1053 3866 conceptus
1071 3771 1162 3842 nulli

113 3903 212 3966 sunt.
265 3893 312 3963 Et
334 3901 530 3986 propterea
546 3888 853 3984 propositionum,
872 3908 961 3980 quas
988 3884 1161 3971 conflant,

112 4005 306 4078 veritatem
325 4029 369 4076 ex
387 4004 475 4099 ipsis
494 4003 703 4076 nominibus
716 4001 854 4072 frustra
872 3997 1081 4094 quaerimus,
1117 3998 1162 4070 In

112 4119 171 4191 bie
196 4118 351 4206 casibus,
371 4117 460 4189 dum
486 4113 753 4189 considerando
770 4135 903 4185 vocum
928 4111 1161 4184 definitiones
1220 4167 1222 4174 .

112 4233 309 4305 veritatem
321 4229 475 4324 alicujus
488 4226 749 4324 propositionis
763 4225 1037 4322 investigamus,
1049 4239 1161 4319 prout

938 4359 999 4410 nn
1019 4355 1033 4400 2
