2904 4912
241 283 296 335 nn
317 282 460 335 naono
481 283 553 335 nm
575 283 655 336 run
675 282 843 336 oacrum
863 283 1011 337 varus.
1077 269 1149 336 359

98 448 312 524 subbutbo:
339 463 394 525 est
419 451 518 525 enim
543 451 715 526 instituta
735 452 881 550 septimi
897 452 972 527 diei
989 453 1150 526 sanctifi·
1181 489 1278 538 sem,
1298 489 1350 540 111,

99 567 198 639 catio
209 566 250 638 in
260 565 474 643 memoriam
488 566 684 640 creationis
696 567 984 658 hexaemerum
998 577 1152 663 apparet
1193 565 1336 672 ᾧ

98 701 146 750 ex
159 679 218 752 his
228 679 349 752 verbis
366 679 496 772 OExod.
510 679 610 752 xxxi.
627 687 682 770 16,
699 683 777 776 17):
804 679 961 753 Paetum
976 690 1034 753 ert
1050 680 1152 773 (sub-

98 791 252 865 auditur
264 791 502 888 sabbathum)
527 792 793 891 aempiteruum
810 793 910 866 iuter
924 817 980 866 ma
997 792 1152 888 etfilioa

99 904 243 994 Israel,
270 905 492 1004 signumque
513 915 765 1004 perpetuum:
804 930 872 978 reu
895 905 990 979 euim
1021 905 1152 980 diebus

83 1018 196 1114 ,fecit
212 1017 395 1092 Domiuua
412 1018 543 1092 coelum
563 1028 602 1092 et
627 1028 783 1109 terrum,
801 1025 840 1092 et
857 1017 897 1091 iu
914 1016 1071 1116 septimo
1090 1018 1153 1092 die

100 1131 150 1204 ub
167 1155 284 1230 opere
300 1132 473 1205 cessauit.
524 1131 641 1206 Tertii
657 1132 803 1228 generis
821 1141 908 1205 sunt
930 1131 1029 1228 leges
1049 1130 1153 1230 poli-

101 1246 197 1334 ticoe,
211 1245 436 1340 judiciales,
450 1245 802 1344 cuuuouiulerqua
827 1269 909 1342 qnae
935 1247 1153 1342 spectabant

100 1358 149 1431 ad
164 1359 317 1434 Judaecs
337 1359 445 1434 solos.
498 1358 611 1432 Primi
639 1371 677 1432 et
700 1359 853 1433 secundi
873 1358 1020 1455 generis
1046 1358 1153 1458 leger

100 1473 139 1544 in
165 1471 308 1545 tubalia
334 1471 501 1571 lapideis
526 1473 686 1569 scriptae,
704 1495 836 1568 nempe
861 1470 1095 1571 Deculogua,
1114 1473 1153 1546 in

99 1588 180 1683 ipsa
193 1610 288 1658 arcu
302 1587 638 1661 conservabantur:
666 1597 811 1660 caeterae
824 1586 971 1682 scriptae
984 1585 1023 1658 in
1036 1586 1154 1660 totius

99 1700 192 1796 legis
220 1700 401 1780 uolumine
427 1701 703 1797 reponebantur
732 1701 859 1796 (Dent.
886 1700 987 1773 xxxi.
1020 1701 1084 1795 26)
1114 1699 1153 1773 in

99 1838 200 1886 urcoe
227 1813 361 1888 lutere.
415 1813 487 1887 Hae
521 1815 631 1904 enim,
662 1825 809 1888 retenta
838 1814 912 1888 fide
939 1813 1152 1903 Abrahami‚

97 1938 273 2024 poterant
289 1927 448 2012 mutari;
475 1927 547 2000 illae
564 1950 641 2000 non
657 1939 842 2024 poterant.
874 1948 877 1954 ·

152 2050 211 2114 ll.
238 2040 367 2139 Leges
384 2041 454 2115 Dei
471 2065 598 2114 omnes
616 2052 705 2115 sunt
721 2039 872 2114 uerbum
888 2039 978 2128 Dei,
996 2039 1061 2113 sed
1077 2062 1152 2113 non
1166 2054 1227 2104 Quid
1236 2055 1271 2106 sit·
1280 2059 1303 2098 et

98 2180 118 2228 e
145 2179 326 2229 converso
349 2179 458 2228 omne
481 2154 631 2228 uerbum
656 2154 734 2229 Dei
757 2165 814 2227 est
832 2154 906 2228 teu.
957 2153 1048 2251 Ego
1073 2121 1333 2228 aumiiffiffg'

97 2267 281 2341 Domiuua
294 2268 401 2341 Deua
415 2279 501 2342 tuua
513 2268 579 2366 qui
592 2268 724 2343 educit
738 2268 835 2343 tede
848 2278 957 2341 terra
970 2265 1151 2365 AEgypti
1165 2251 1256 2294 mm
1271 2250 1320 2294 ⁰⁰³·

97 2381 255 2454 verbum
267 2381 337 2454 Dei
350 2392 418 2469 est,
431 2380 492 2453 lex
505 2405 579 2454 non
595 2393 662 2454 est.
716 2381 848 2477 Neque
862 2403 973 2453 omne
989 2378 1040 2470 id,
1055 2379 1155 2476 qnod

97 2495 147 2568 ad
172 2493 323 2569 uerbum
347 2493 426 2567 Dei
450 2493 713 2568 declarandum
736 2517 811 2567 una
837 2491 1019 2588 cumipse
1037 2515 1152 2566 enun-

99 2610 221 2684 ciatur
237 2620 303 2683 aut
319 2608 504 2700 scribitur,
518 2609 643 2682 statim
660 2605 810 2680 verbum
826 2605 905 2679 Dei
921 2616 989 2678 est
1041 2605 1151 2696 Nam,

98 2724 180 2796 baec
207 2722 303 2796 dicit
324 2721 519 2812 Dominus,
536 2745 613 2796 non
635 2731 692 2794 est
708 2719 859 2794 Domini
874 2743 959 2808 vox,
976 2717 1043 2790 sed
1057 2742 1152 2815 prae·

99 2837 204 2910 conis
230 2836 307 2910 sive
333 2836 534 2932 prophetae.
587 2835 632 2910 Id
657 2855 765 2907 omne
792 2841 830 2906 et
856 2831 974 2905 colum
998 2831 1151 2904 verbnm

99 2950 171 3024 Dei
199 2961 268 3040 est,
294 2950 394 3046 qnod
419 2950 539 3023 Deum
564 2948 761 3045 loquutum
786 2969 865 3020 esse
893 2943 1153 3042 pronunciavit

97 3063 414 3162 prophetaverat.
460 3062 606 3158 Scripta
622 3072 746 3134 autem
758 3059 1034 3157 prophetarum,
1049 3081 1152 3132 com-

98 3176 368 3275 prehendentia
392 3186 469 3251 tam
496 3199 578 3272 qnae
605 3176 717 3264 Dens,
742 3196 854 3270 quam
871 3195 954 3268 qnae
970 3170 1049 3267 ipse
1065 3194 1153 3269 pro-

97 3292 214 3389 pheta
248 3288 350 3380 dicit,
384 3289 469 3363 ideo
499 3289 654 3362 verbum
689 3287 759 3362 Dei
793 3285 1037 3384 appellantur,
1065 3285 1153 3381 qnia

98 3408 253 3480 verbum
283 3403 354 3477 Dei
385 3404 589 3477 continent.
642 3401 828 3477 Quoniam
853 3411 977 3474 antem
1003 3397 1153 3472 uerbum

98 3518 176 3594 Dei
192 3519 233 3594 id
250 3543 358 3592 omne
376 3531 415 3592 et
434 3518 553 3593 solum
570 3526 638 3606 est,
658 3515 758 3613 quod
774 3539 842 3612 pro
867 3513 934 3588 tali
957 3513 1152 3586 exhibetur

98 3659 121 3706 a
145 3657 236 3707 vero
259 3632 451 3730 propheta,
479 3632 566 3706 sciri
592 3629 682 3728 quid
707 3629 756 3704 sit
780 3627 930 3702 uerbum
955 3626 1034 3700 Dei
1063 3637 1151 3699 ante

98 3771 175 3821 non
205 3757 341 3843 potest,
372 3770 484 3842 qnam
514 3755 762 3841 cognoscatur
787 3742 870 3840 quis
896 3741 945 3814 sit
969 3739 1153 3836 propheta

97 3883 228 3943 verus;
255 3883 325 3934 nec
352 3858 464 3932 uerbo
488 3858 566 3931 Dei
594 3858 707 3946 credi,
730 3881 841 3954 qnam
868 3853 1041 3928 credatur
1065 3875 1151 3948 pro-

96 3974 233 4071 phetae.
286 3973 386 4045 Mosi
420 3997 442 4046 a
474 3972 612 4069 populo
643 3970 847 4044 Israelitico
882 3965 1065 4040 creditum
1095 3976 1152 4038 est

97 4100 252 4184 propter
280 4084 372 4159 duas
401 4099 472 4177 res,
500 4083 687 4159 miraculo
712 4094 751 4158 et
764 4081 899 4178 fidem.
951 4080 1151 4174 Utcunque

98 4200 198 4274 enim
229 4223 365 4295 magna
398 4210 436 4273 et
466 4197 741 4273 evidentissima
770 4193 948 4269 miracula
978 4203 1161 4290 operatus*
