2912 4912
172 335 175 341 A
276 249 347 329 170
686 251 901 318 33333333.

74 464 173 524 sacr.
188 467 240 518 111.
270 432 476 510 omittenda
485 445 572 510 3331
584 435 632 510 ad
643 436 1063 530 vitaemembrorumque
1071 435 1324 510 conservatio-

85 545 229 648 ...L
269 571 367 636 nem,
379 560 559 644 quantum
576 547 656 622 fieri
673 557 807 645 potest,
826 546 1050 620 diuturnam.

61 666 237 740 33133363
320 670 356 734 2.
383 661 506 734 Prima
518 671 642 735 autem
660 674 698 734 ct
720 661 1004 734 fundamentalis
1021 661 1082 733 lex
1097 671 1233 736 natura
1250 673 1319 752 est,

59 747 245 792 frmdnmentnlem
874 775 883 790 .
1038 775 1045 790 .

60 815 259 870 ...mmm
270 773 511 871 querendam
540 799 622 847 6336
640 799 790 873 pacem,
817 773 881 847 aba
911 773 1044 846 labara
1065 783 1201 872 potest
1212 803 1227 860 ;
1254 775 1319 850 313

58 879 260 999 ffiffiffi
270 896 496 984 6666361631,
521 888 725 985 quoerecda
743 911 826 959 6336
844 885 935 960 betta·
953 886 1101 960 6361113
1111 915 1126 960 .·
1153 889 1317 962 ostendi-

58 1003 260 1116 ffliff
271 1022 353 1072 mus
366 999 464 1072 enim
481 998 638 1073 articulo
654 1001 785 1073 ultimo
798 999 1041 1096 praecedentis
1059 1000 1205 1096 capitis,
1223 1026 1318 1098 prae-

208 1103 213 1116 ⁸
271 1124 420 1208 ceptum
449 1114 521 1187 hoc
548 1114 731 1186 dictamen
759 1136 837 1186 6336
863 1124 976 1186 366166
1006 1113 1172 1186 33116313.
1224 1116 1318 1188 Esse

270 1237 394 1299 autem
412 1226 612 1300 dictamina
628 1237 740 1301 366136
763 1227 917 1300 33116313
939 1227 1040 1324 leges
1058 1229 1260 1319 naturales,
1276 1230 1318 1302 id

269 1340 435 1435 proxime
463 1365 574 1436 supra
604 1340 796 1413 definitum
823 1349 891 1413 est.
943 1340 1065 1413 Prima
1090 1353 1216 1414 antem
1247 1355 1315 1430 est,

270 1453 356 1548 quia
381 1465 525 1528 63616366
542 1455 691 1527 suntab
713 1454 785 1526 hac
810 1453 995 1543 derivatae,
1020 1455 1317 1554 praecipiuntque

268 1567 347 1640 vias
363 1568 421 1640 vel
441 1567 543 1666 pacis
559 1567 619 1639 vel
635 1565 856 1640 defensionis
873 1566 1119 1662 acquirendae.

59 1695 200 1772 13333
213 1711 259 1776 spe
320 1689 356 1754 3.
383 1681 524 1777 Legum
544 1691 669 1754 autem
685 1679 909 1762 naturalium
923 1704 946 1751 a
962 1679 1234 1754 fundamentali
1251 1683 1317 1757 1113

56 1761 258 1873 mliii&
270 1793 516 1867 derivatarum
532 1819 607 1867 una
625 1803 692 1882 est,
696 1794 768 1888 juo
776 1793 933 1866 66361363
950 1794 989 1866 13
1007 1795 1130 1868 omnia
1147 1797 1315 1870 retinen-

56 1891 203 1936 ¹⁸⁶¹¹⁰¹¹⁶m
268 1906 354 1980 dum
370 1931 442 1984 666
466 1931 560 1997 6336,
577 1906 650 1980 sed
663 1908 760 2001 jaro
777 1905 948 2004 quaedam
966 1907 1239 2004 transferenda
1256 1911 1319 1984 661

267 2018 518 2118 relinquenda
543 2045 637 2093 6336.
688 2020 787 2092 Nam
811 2020 842 2092 si
867 2021 1045 2094 retineret
1060 2023 1315 2120 unusquisque

268 2155 375 2204 suum
388 2135 459 2228 jus
488 2133 527 2205 16
556 2133 691 2222 omnia,
708 2155 857 2206 necesse
880 2143 936 2207 est
958 2134 1063 2230 sequi
1085 2144 1129 2207 ut
1139 2136 1235 2230 jure
1252 2137 1315 2212 alii

267 2245 495 2336 invaderent,
517 2246 579 2319 alii
593 2246 858 2331 defenderent;
886 2246 1041 2343 quisque
1059 2248 1158 2322 enim
1176 2260 1214 2322 et
1232 2275 1314 2326 cor·

266 2381 337 2456 pus
369 2382 488 2450 suum,
517 2372 556 2434 et
586 2383 631 2433 ea
664 2385 735 2456 que
766 2360 912 2456 corpori
938 2360 1078 2434 tuendo
1105 2366 1315 2440 necessaria

266 2485 364 2566 sunt,
383 2475 602 2548 necessitate
621 2485 764 2548 3613366
787 2483 943 2548 conatur
969 2473 1178 2548 defendere.
1222 2477 1314 2552 Bet

267 2587 342 2660 lum
358 2611 446 2684 ergo
466 2597 691 2684 sequeretur.
743 2586 847 2659 Facit
862 2586 987 2682 itaque
1004 2597 1135 2660 contra
1146 2588 1315 2664 rationes

264 2701 379 2797 pacis,
396 2701 468 2774 hoc
486 2711 553 2790 est,
568 2710 698 2773 contra
711 2697 832 2797 legem
845 2707 1003 2789 631333,
1021 2699 1052 2772 31
1066 2699 1148 2794 quis
1162 2699 1314 2796 dejure

266 2837 333 2888 suo
350 2814 390 2888 ia
407 2813 530 2886 omnia
546 2836 622 2885 non
641 2810 807 2884 decedat.

315 2925 561 3000 4.Deoedere
570 2935 694 2998 autem
705 2923 847 3018 dejure
856 2947 923 2996 336
934 2923 1080 3014 dicitur,
1088 2924 1150 3019 qui
1157 2925 1234 3021 juri
1245 2951 1313 3002 suo

265 3132 440 3190 quamquam
454 3116 483 3174 13
497 3115 620 3184 civitate,
635 3115 723 3190 ipsius
737 3114 860 3171 civitatis
873 3113 955 3182 ratio,
970 3113 1026 3171 hoc
1046 3121 1098 3183 est,
1116 3113 1164 3172 lex
1178 3115 1281 3182 civilis,
1294 3135 1313 3174 3

263 3206 383 3282 singulis
406 3206 517 3265 civibus
535 3224 588 3283 pro
608 3215 687 3264 recta
705 3205 837 3263 habenda
860 3206 911 3274 sit;
930 3213 1026 3263 tamen
1048 3213 1130 3264 extra
1152 3205 1311 3273 civitatem,

262 3297 314 3356 ubi
328 3305 435 3356 rectam
453 3300 592 3357 rationem
606 3299 708 3356 313133
727 3299 895 3374 dignoscere
917 3299 971 3356 3131
995 3298 1209 3374 comparatione
1233 3298 1311 3357 13613

263 3407 330 3447 cum
343 3408 396 3447 333
408 3409 493 3448 nemo
506 3398 609 3466 potest,
623 3409 675 3447 sua
688 3389 827 3466 cujusque
840 3391 980 3448 33116363
993 3391 1081 3448 modo
1094 3409 1148 3467 pro
1161 3392 1310 3450 actionum

261 3485 451 3559 propriarum,
466 3503 532 3560 quae
553 3502 605 3541 suo
625 3483 755 3559 periculo
775 3482 859 3548 fiunt,
881 3481 1065 3558 regula,'sed
1086 3483 1172 3540 611333
1195 3484 1226 3540 13
1250 3485 1310 3541 3313

261 3576 348 3632 rebus
360 3594 414 3651 pro
427 3576 545 3633 rationis
558 3575 658 3632 alienae
671 3593 805 3632 mensura
818 3573 961 3631 censenda
974 3580 1025 3631 est.
1066 3573 1174 3630 Veram
1187 3573 1263 3643 dico,
1279 3575 1309 3632 id

261 3674 312 3738 est,
326 3686 363 3725 63
376 3669 450 3725 veris
464 3667 610 3743 principiis
624 3675 702 3725 recte
715 3667 880 3742 compositis
899 3664 1129 3723 concludentem.
1150 3665 1310 3742 Propterea

262 3760 341 3836 quod
353 3761 382 3817 in
397 3761 614 3818 ratiocinatione
626 3758 706 3827 falsa,
721 3759 781 3816 sive
800 3759 830 3816 in
851 3757 971 3816 stultitia
984 3758 1133 3815 hominum
1147 3757 1309 3815 6111613333

262 3871 331 3930 erga
352 3859 470 3911 caeteros
494 3852 623 3910 homines
644 3851 681 3908 ad
706 3851 951 3908 conservationem
975 3849 1121 3924 propriam
1145 3851 1309 3908 3666333313

261 3963 320 4002 363
333 3945 501 4010 videntium,
516 3944 608 4000 omnis
622 3942 751 4000 consistit
765 3941 861 4016 legum
875 3941 1049 3998 naturalium
1063 3941 1191 3999 violatio.
1224 3940 1308 4000 Prin·

262 4037 337 4112 cipia
356 4045 452 4094 autem
474 4043 559 4092 36613
584 4034 809 4092 ratiocinationis
823 4034 901 4091 circa
914 4032 1054 4109 ejusmodi
1072 4032 1175 4099 officia,
1190 4052 1225 4091 63
1239 4041 1310 4092 sunt

261 4146 326 4204 quae
340 4129 441 4204 capitis
453 4128 538 4204 primi
552 4126 679 4184 articulis
693 4129 721 4196 ⁶2,
735 4129 762 4194 3,
777 4130 807 4192 4,
819 4128 847 4194 5,
861 4130 880 4185 6
896 4133 924 4182 et
938 4127 965 4194 7,
981 4123 1123 4201 explicata
1136 4132 1212 4180 sunt.
