<?xml version="1.0" encoding="UTF-8"?>
<!DOCTYPE html PUBLIC "-//W3C//DTD XHTML 1.0 Transitional//EN"
    "http://www.w3.org/TR/xhtml1/DTD/xhtml1-transitional.dtd">
<html xmlns="http://www.w3.org/1999/xhtml" xml:lang="en" lang="en">
 <head>
  <title>
</title>
<meta http-equiv="Content-Type" content="text/html;charset=utf-8" />
  <meta name='ocr-system' content='tesseract 3.04.00' />
  <meta name='ocr-capabilities' content='ocr_page ocr_carea ocr_par ocr_line ocrx_word'/>
</head>
<body>
  <div class='ocr_page' id='page_1' title='image "./thomhobbesmalme09hobbgoog_0341.png"; bbox 0 0 2904 4916; ppageno 0'>
   <div class='ocr_carea' id='block_1_1' title="bbox 287 307 920 378">
    <p class='ocr_par' dir='ltr' id='par_1_1' title="bbox 287 307 920 378">
     <span class='ocr_line' id='line_1_1' title="bbox 287 307 920 378; baseline 0.002 -2"><span class='ocrx_word' id='word_1_1' title='bbox 287 307 359 376; x_wconf 74' lang='lat'>326</span> <span class='ocrx_word' id='word_1_2' title='bbox 687 320 920 378; x_wconf 73' lang='lat' dir='ltr'>munerum.</span> 
     </span>
    </p>
   </div>
   <div class='ocr_carea' id='block_1_2' title="bbox 88 487 1339 594">
    <p class='ocr_par' dir='ltr' id='par_1_2' title="bbox 88 487 1339 594">
     <span class='ocr_line' id='line_1_2' title="bbox 88 487 1339 594; baseline 0.006 -30"><span class='ocrx_word' id='word_1_3' title='bbox 88 519 186 576; x_wconf 66' lang='lat' dir='ltr'>secr,</span> <span class='ocrx_word' id='word_1_4' title='bbox 200 522 253 576; x_wconf 83' lang='lat'>111,</span> <span class='ocrx_word' id='word_1_5' title='bbox 285 489 384 564; x_wconf 86' lang='lat' dir='ltr'>enim</span> <span class='ocrx_word' id='word_1_6' title='bbox 401 511 443 564; x_wconf 82' lang='lat' dir='ltr'>ee</span> <span class='ocrx_word' id='word_1_7' title='bbox 460 487 686 566; x_wconf 82' lang='lat' dir='ltr'>voluntatem</span> <span class='ocrx_word' id='word_1_8' title='bbox 706 513 811 566; x_wconf 81' lang='lat' dir='ltr'>enum</span> <span class='ocrx_word' id='word_1_9' title='bbox 836 487 914 564; x_wconf 85' lang='lat' dir='ltr'>Dei</span> <span class='ocrx_word' id='word_1_10' title='bbox 939 488 1125 568; x_wconf 79' lang='lat' dir='ltr'>uoluntati</span> <span class='ocrx_word' id='word_1_11' title='bbox 1150 517 1339 594; x_wconf 72' lang='lat' dir='ltr'>neopum</span> 
     </span>
    </p>
   </div>
   <div class='ocr_carea' id='block_1_3' title="bbox 71 601 1338 822">
    <p class='ocr_par' dir='ltr' id='par_1_3' title="bbox 71 601 1338 822">
     <span class='ocr_line' id='line_1_3' title="bbox 98 601 1338 707; baseline 0.002 -27"><span class='ocrx_word' id='word_1_12' title='bbox 98 601 242 707; x_wconf 40' lang='grc' dir='ltr'>ᾧ</span> <span class='ocrx_word' id='word_1_13' title='bbox 282 602 501 701; x_wconf 83' lang='lat' dir='ltr'>eubjeoieee,</span> <span class='ocrx_word' id='word_1_14' title='bbox 514 611 556 678; x_wconf 83' lang='lat' dir='ltr'>ut</span> <span class='ocrx_word' id='word_1_15' title='bbox 569 627 732 702; x_wconf 82' lang='lat' dir='ltr'>quemne</span> <span class='ocrx_word' id='word_1_16' title='bbox 746 627 829 678; x_wconf 83' lang='lat' dir='ltr'>esee</span> <span class='ocrx_word' id='word_1_17' title='bbox 845 603 997 703; x_wconf 82' lang='lat' dir='ltr'>quidem</span> <span class='ocrx_word' id='word_1_18' title='bbox 1010 605 1338 706; x_wconf 80' lang='lat' dir='ltr'>opinetuesueril.</span> 
     </span>
     <span class='ocr_line' id='line_1_4' title="bbox 71 716 1338 822; baseline -0.002 -21"><span class='ocrx_word' id='word_1_19' title='bbox 71 742 99 786; x_wconf 78' lang='lat'>111</span> <span class='ocrx_word' id='word_1_20' title='bbox 110 757 154 800; x_wconf 75' lang='lat' dir='ltr'>uuo</span> <span class='ocrx_word' id='word_1_21' title='bbox 163 757 242 802; x_wconf 65' lang='lat' dir='ltr'>renen</span> <span class='ocrx_word' id='word_1_22' title='bbox 281 716 339 794; x_wconf 83' lang='lat' dir='ltr'>Et</span> <span class='ocrx_word' id='word_1_23' title='bbox 357 739 580 818; x_wconf 80' lang='lat' dir='ltr'>quamquam</span> <span class='ocrx_word' id='word_1_24' title='bbox 605 716 731 817; x_wconf 82' lang='lat' dir='ltr'>opinio</span> <span class='ocrx_word' id='word_1_25' title='bbox 757 741 828 792; x_wconf 84' lang='lat' dir='ltr'>eoa</span> <span class='ocrx_word' id='word_1_26' title='bbox 853 740 1015 794; x_wconf 84' lang='lat' dir='ltr'>erronea</span> <span class='ocrx_word' id='word_1_27' title='bbox 1042 721 1338 822; x_wconf 68' lang='lat' dir='ltr'>errantemque</span> 
     </span>
    </p>
   </div>
   <div class='ocr_carea' id='block_1_4' title="bbox 69 808 336 866">
    <p class='ocr_par' dir='ltr' id='par_1_4' title="bbox 69 808 336 866">
     <span class='ocr_line' id='line_1_5' title="bbox 69 808 336 866; baseline 0 -14"><span class='ocrx_word' id='word_1_28' title='bbox 69 808 154 866; x_wconf 82' lang='lat' dir='ltr'>perusti</span> <span class='ocrx_word' id='word_1_29' title='bbox 164 810 260 854; x_wconf 84' lang='lat' dir='ltr'>eontine-</span> <span class='ocrx_word' id='word_1_30' title='bbox 329 831 336 848; x_wconf 84' lang='lat'><strong>·</strong></span> 
     </span>
    </p>
   </div>
   <div class='ocr_carea' id='block_1_5' title="bbox 70 829 1338 1612">
    <p class='ocr_par' dir='ltr' id='par_1_5' title="bbox 70 829 1338 1050">
     <span class='ocr_line' id='line_1_6' title="bbox 70 829 1338 931; baseline 0.004 -25"><span class='ocrx_word' id='word_1_31' title='bbox 70 876 121 918; x_wconf 60' lang='lat' dir='ltr'>„m</span> <span class='ocrx_word' id='word_1_32' title='bbox 135 873 269 920; x_wconf 56' lang='lat' dir='ltr'>,qm</span> <span class='ocrx_word' id='word_1_33' title='bbox 283 842 398 908; x_wconf 80' lang='lat' dir='ltr'>etrum</span> <span class='ocrx_word' id='word_1_34' title='bbox 420 838 651 931; x_wconf 79' lang='lat' dir='ltr'>peecatum,-</span> <span class='ocrx_word' id='word_1_35' title='bbox 676 829 943 906; x_wconf 82' lang='lat' dir='ltr'>numerandum</span> <span class='ocrx_word' id='word_1_36' title='bbox 971 841 1096 908; x_wconf 82' lang='lat' dir='ltr'>tumen</span> <span class='ocrx_word' id='word_1_37' title='bbox 1122 858 1208 909; x_wconf 82' lang='lat' dir='ltr'>esee</span> <span class='ocrx_word' id='word_1_38' title='bbox 1235 834 1338 911; x_wconf 83' lang='lat' dir='ltr'>inter</span> 
     </span>
     <span class='ocr_line' id='line_1_7' title="bbox 215 942 1338 1050; baseline 0.004 -30"><span class='ocrx_word' id='word_1_39' title='bbox 215 1043 220 1050; x_wconf 22' lang='grc' dir='ltr'>ι</span> <span class='ocrx_word' id='word_1_40' title='bbox 275 953 444 1045; x_wconf 81' lang='lat' dir='ltr'>peecata</span> <span class='ocrx_word' id='word_1_41' title='bbox 461 943 733 1044; x_wconf 64' lang='lat' dir='ltr'>inprudentiae,</span> <span class='ocrx_word' id='word_1_42' title='bbox 747 944 827 1020; x_wconf 85' lang='lat' dir='ltr'>eine</span> <span class='ocrx_word' id='word_1_43' title='bbox 844 942 1084 1044; x_wconf 75' lang='lat' dir='ltr'>ignorantie,</span> <span class='ocrx_word' id='word_1_44' title='bbox 1102 972 1187 1047; x_wconf 81' lang='lat' dir='ltr'>quoe</span> <span class='ocrx_word' id='word_1_45' title='bbox 1199 949 1338 1050; x_wconf 82' lang='lat' dir='ltr'>puniri</span> 
     </span>
    </p>

    <p class='ocr_par' dir='ltr' id='par_1_6' title="bbox 272 1059 1335 1160">
     <span class='ocr_line' id='line_1_8' title="bbox 272 1059 1335 1160; baseline 0.006 -26"><span class='ocrx_word' id='word_1_46' title='bbox 272 1061 367 1156; x_wconf 79' lang='lat' dir='ltr'>juro</span> <span class='ocrx_word' id='word_1_47' title='bbox 379 1068 632 1160; x_wconf 79' lang='lat' dir='ltr'>nonpoeennt.</span> <span class='ocrx_word' id='word_1_48' title='bbox 682 1059 810 1134; x_wconf 86' lang='lat' dir='ltr'>Oratio</span> <span class='ocrx_word' id='word_1_49' title='bbox 823 1059 902 1134; x_wconf 85' lang='lat' dir='ltr'>haeo</span> <span class='ocrx_word' id='word_1_50' title='bbox 920 1083 1083 1157; x_wconf 89' lang='lat' dir='ltr'>eousque</span> <span class='ocrx_word' id='word_1_51' title='bbox 1100 1061 1335 1140; x_wconf 78' lang='lat' dir='ltr'>admittenda</span> 
     </span>
    </p>

    <p class='ocr_par' dir='ltr' id='par_1_7' title="bbox 282 1171 1337 1276">
     <span class='ocr_line' id='line_1_9' title="bbox 282 1171 1337 1276; baseline 0.004 -28"><span class='ocrx_word' id='word_1_52' title='bbox 282 1195 363 1248; x_wconf 89' lang='lat' dir='ltr'>esse</span> <span class='ocrx_word' id='word_1_53' title='bbox 392 1171 551 1264; x_wconf 86' lang='lat' dir='ltr'>videtur,</span> <span class='ocrx_word' id='word_1_54' title='bbox 577 1184 621 1247; x_wconf 83' lang='lat' dir='ltr'>ut</span> <span class='ocrx_word' id='word_1_55' title='bbox 639 1173 851 1271; x_wconf 88' lang='lat' dir='ltr'>hujusmodi</span> <span class='ocrx_word' id='word_1_56' title='bbox 878 1185 1086 1271; x_wconf 85' lang='lat' dir='ltr'>peecatum,</span> <span class='ocrx_word' id='word_1_57' title='bbox 1111 1198 1337 1276; x_wconf 86' lang='lat' dir='ltr'>quemquem</span> 
     </span>
    </p>

    <p class='ocr_par' dir='ltr' id='par_1_8' title="bbox 282 1285 1335 1384">
     <span class='ocr_line' id='line_1_10' title="bbox 282 1285 1335 1384; baseline 0.008 -24"><span class='ocrx_word' id='word_1_58' title='bbox 282 1286 331 1362; x_wconf 89' lang='lat' dir='ltr'>sit</span> <span class='ocrx_word' id='word_1_59' title='bbox 346 1287 547 1362; x_wconf 80' lang='lat' dir='ltr'>maximum</span> <span class='ocrx_word' id='word_1_60' title='bbox 562 1285 966 1384; x_wconf 80' lang='lat' dir='ltr'>damnosissimumque,</span> <span class='ocrx_word' id='word_1_61' title='bbox 980 1288 1112 1364; x_wconf 80' lang='lat' dir='ltr'>referri</span> <span class='ocrx_word' id='word_1_62' title='bbox 1125 1300 1255 1366; x_wconf 88' lang='lat' dir='ltr'>temen</span> <span class='ocrx_word' id='word_1_63' title='bbox 1274 1291 1335 1368; x_wconf 85' lang='lat' dir='ltr'>de·</span> 
     </span>
    </p>

    <p class='ocr_par' dir='ltr' id='par_1_9' title="bbox 280 1399 1336 1502">
     <span class='ocr_line' id='line_1_11' title="bbox 280 1399 1336 1502; baseline 0.007 -29"><span class='ocrx_word' id='word_1_64' title='bbox 280 1400 386 1475; x_wconf 76' lang='lat' dir='ltr'>beet*</span> <span class='ocrx_word' id='word_1_65' title='bbox 404 1399 453 1477; x_wconf 90' lang='lat' dir='ltr'>ed</span> <span class='ocrx_word' id='word_1_66' title='bbox 475 1409 631 1498; x_wconf 81' lang='lat' dir='ltr'>peccate</span> <span class='ocrx_word' id='word_1_67' title='bbox 654 1400 935 1498; x_wconf 71' lang='lat' dir='ltr'>imprudentioer</span> <span class='ocrx_word' id='word_1_68' title='bbox 962 1401 1028 1478; x_wconf 88' lang='lat' dir='ltr'>sed</span> <span class='ocrx_word' id='word_1_69' title='bbox 1050 1413 1094 1478; x_wconf 89' lang='lat' dir='ltr'>ut</span> <span class='ocrx_word' id='word_1_70' title='bbox 1110 1427 1178 1502; x_wconf 89' lang='lat' dir='ltr'>per</span> <span class='ocrx_word' id='word_1_71' title='bbox 1194 1403 1336 1502; x_wconf 90' lang='lat' dir='ltr'>impru-</span> 
     </span>
    </p>

    <p class='ocr_par' dir='ltr' id='par_1_10' title="bbox 282 1513 1336 1612">
     <span class='ocr_line' id='line_1_12' title="bbox 282 1513 1336 1612; baseline 0.005 -22"><span class='ocrx_word' id='word_1_72' title='bbox 282 1514 446 1592; x_wconf 83' lang='lat' dir='ltr'><strong>dentiam</strong></span> <span class='ocrx_word' id='word_1_73' title='bbox 459 1523 524 1589; x_wconf 89' lang='lat' dir='ltr'>eut</span> <span class='ocrx_word' id='word_1_74' title='bbox 535 1513 782 1612; x_wconf 82' lang='lat' dir='ltr'>ignoruntium</span> <span class='ocrx_word' id='word_1_75' title='bbox 793 1514 1044 1592; x_wconf 81' lang='lat' dir='ltr'>excusandum</span> <span class='ocrx_word' id='word_1_76' title='bbox 1058 1516 1118 1606; x_wconf 86' lang='lat' dir='ltr'>sit,</span> <span class='ocrx_word' id='word_1_77' title='bbox 1132 1517 1336 1595; x_wconf 85' lang='lat' dir='ltr'>absurdum</span> 
     </span>
    </p>
   </div>
   <div class='ocr_carea' id='block_1_6' title="bbox 257 1739 1334 4318">
    <p class='ocr_par' dir='ltr' id='par_1_11' title="bbox 273 1739 1334 2474">
     <span class='ocr_line' id='line_1_13' title="bbox 320 1739 1334 1824; baseline -0.004 -22"><span class='ocrx_word' id='word_1_78' title='bbox 320 1749 339 1786; x_wconf 60' lang='grc' dir='ltr'><strong>ὕ</strong></span> <span class='ocrx_word' id='word_1_79' title='bbox 354 1739 470 1819; x_wconf 75' lang='lat' dir='ltr'>Referri</span> <span class='ocrx_word' id='word_1_80' title='bbox 481 1747 575 1803; x_wconf 76' lang='lat' dir='ltr'>tameo</span> <span class='ocrx_word' id='word_1_81' title='bbox 590 1739 865 1823; x_wconf 66' lang='lat' dir='ltr'>miseraremur</span> <span class='ocrx_word' id='word_1_82' title='bbox 876 1741 1100 1824; x_wconf 57' lang='lat' dir='ltr'>imprudentia]</span> <span class='ocrx_word' id='word_1_83' title='bbox 1122 1744 1212 1812; x_wconf 85' lang='lat' dir='ltr'>Quod</span> <span class='ocrx_word' id='word_1_84' title='bbox 1232 1747 1334 1808; x_wconf 75' lang='lat' dir='ltr'>etheis.</span> 
     </span>
     <span class='ocr_line' id='line_1_14' title="bbox 279 1833 1334 1922; baseline 0.004 -26"><span class='ocrx_word' id='word_1_85' title='bbox 279 1853 360 1896; x_wconf 88' lang='lat' dir='ltr'>mum</span> <span class='ocrx_word' id='word_1_86' title='bbox 373 1853 432 1896; x_wconf 90' lang='lat' dir='ltr'>non</span> <span class='ocrx_word' id='word_1_87' title='bbox 445 1834 482 1896; x_wconf 86' lang='lat' dir='ltr'>ud</span> <span class='ocrx_word' id='word_1_88' title='bbox 496 1833 674 1912; x_wconf 76' lang='lat' dir='ltr'>injustitiam,</span> <span class='ocrx_word' id='word_1_89' title='bbox 687 1833 738 1899; x_wconf 83' lang='lat' dir='ltr'>sed</span> <span class='ocrx_word' id='word_1_90' title='bbox 752 1835 789 1894; x_wconf 86' lang='lat' dir='ltr'>ed</span> <span class='ocrx_word' id='word_1_91' title='bbox 802 1834 1026 1914; x_wconf 71' lang='lat' dir='ltr'><strong>imprudentiam</strong></span> <span class='ocrx_word' id='word_1_92' title='bbox 1040 1837 1200 1912; x_wconf 81' lang='lat' dir='ltr'>retulerim,</span> <span class='ocrx_word' id='word_1_93' title='bbox 1214 1858 1233 1900; x_wconf 82' lang='lat' dir='ltr'><strong>a</strong></span> <span class='ocrx_word' id='word_1_94' title='bbox 1246 1841 1334 1922; x_wconf 86' lang='lat' dir='ltr'>pluri-</span> 
     </span>
     <span class='ocr_line' id='line_1_15' title="bbox 279 1927 1333 2010; baseline 0.004 -24"><span class='ocrx_word' id='word_1_95' title='bbox 279 1929 333 1988; x_wconf 89' lang='lat' dir='ltr'>bus</span> <span class='ocrx_word' id='word_1_96' title='bbox 347 1928 553 2008; x_wconf 87' lang='lat' dir='ltr'>reprehensum</span> <span class='ocrx_word' id='word_1_97' title='bbox 566 1934 624 1988; x_wconf 77' lang='lat' dir='ltr'>est:</span> <span class='ocrx_word' id='word_1_98' title='bbox 644 1928 713 2000; x_wconf 91' lang='lat' dir='ltr'>imo,</span> <span class='ocrx_word' id='word_1_99' title='bbox 724 1945 742 1986; x_wconf 90' lang='lat' dir='ltr'>e</span> <span class='ocrx_word' id='word_1_100' title='bbox 755 1927 899 1986; x_wconf 80' lang='lat' dir='ltr'><strong>nonnullis</strong></span> <span class='ocrx_word' id='word_1_101' title='bbox 912 1929 943 1990; x_wconf 91' lang='lat' dir='ltr'>in</span> <span class='ocrx_word' id='word_1_102' title='bbox 964 1947 1028 1988; x_wconf 86' lang='lat' dir='ltr'>earn</span> <span class='ocrx_word' id='word_1_103' title='bbox 1045 1936 1157 2008; x_wconf 86' lang='lat' dir='ltr'>partem</span> <span class='ocrx_word' id='word_1_104' title='bbox 1171 1939 1333 2010; x_wconf 81' lang='lat' dir='ltr'>acceptum,</span> 
     </span>
     <span class='ocr_line' id='line_1_16' title="bbox 278 2019 1334 2100; baseline 0.002 -20"><span class='ocrx_word' id='word_1_105' title='bbox 278 2029 416 2100; x_wconf 85' lang='lat' dir='ltr'>lenquem</span> <span class='ocrx_word' id='word_1_106' title='bbox 436 2019 528 2078; x_wconf 84' lang='lat' dir='ltr'>etheis</span> <span class='ocrx_word' id='word_1_107' title='bbox 537 2036 596 2078; x_wconf 90' lang='lat' dir='ltr'>non</span> <span class='ocrx_word' id='word_1_108' title='bbox 609 2019 677 2081; x_wconf 87' lang='lat' dir='ltr'>setis</span> <span class='ocrx_word' id='word_1_109' title='bbox 691 2037 787 2078; x_wconf 84' lang='lat' dir='ltr'>eorem</span> <span class='ocrx_word' id='word_1_110' title='bbox 797 2019 992 2079; x_wconf 83' lang='lat' dir='ltr'>adversarium</span> <span class='ocrx_word' id='word_1_111' title='bbox 1003 2039 1049 2080; x_wconf 88' lang='lat' dir='ltr'>me</span> <span class='ocrx_word' id='word_1_112' title='bbox 1061 2022 1249 2082; x_wconf 82' lang='lat' dir='ltr'>ostenderim.</span> <span class='ocrx_word' id='word_1_113' title='bbox 1275 2023 1334 2082; x_wconf 92' lang='lat' dir='ltr'>Ob·</span> 
     </span>
     <span class='ocr_line' id='line_1_17' title="bbox 273 2110 1334 2194; baseline 0.003 -21"><span class='ocrx_word' id='word_1_114' title='bbox 273 2113 380 2190; x_wconf 87' lang='lat' dir='ltr'>jioiunt</span> <span class='ocrx_word' id='word_1_115' title='bbox 392 2117 539 2190; x_wconf 76' lang='lat' dir='ltr'>preterea,</span> <span class='ocrx_word' id='word_1_116' title='bbox 554 2110 633 2189; x_wconf 91' lang='lat' dir='ltr'>quod</span> <span class='ocrx_word' id='word_1_117' title='bbox 647 2129 714 2170; x_wconf 90' lang='lat' dir='ltr'>oum</span> <span class='ocrx_word' id='word_1_118' title='bbox 732 2112 824 2169; x_wconf 82' lang='lat' dir='ltr'>Deum</span> <span class='ocrx_word' id='word_1_119' title='bbox 837 2131 895 2172; x_wconf 85' lang='lat' dir='ltr'>esee</span> <span class='ocrx_word' id='word_1_120' title='bbox 908 2113 1019 2172; x_wconf 84' lang='lat' dir='ltr'>ratione</span> <span class='ocrx_word' id='word_1_121' title='bbox 1033 2113 1158 2173; x_wconf 86' lang='lat' dir='ltr'>netureii</span> <span class='ocrx_word' id='word_1_122' title='bbox 1172 2117 1242 2174; x_wconf 86' lang='lat' dir='ltr'>seiri</span> <span class='ocrx_word' id='word_1_123' title='bbox 1253 2136 1334 2194; x_wconf 88' lang='lat' dir='ltr'>posse</span> 
     </span>
     <span class='ocr_line' id='line_1_18' title="bbox 277 2202 1334 2282; baseline 0.004 -15"><span class='ocrx_word' id='word_1_124' title='bbox 277 2205 400 2268; x_wconf 76' lang='lat' dir='ltr'>dixerim</span> <span class='ocrx_word' id='word_1_125' title='bbox 413 2203 530 2271; x_wconf 86' lang='lat' dir='ltr'>eiieubi,</span> <span class='ocrx_word' id='word_1_126' title='bbox 544 2202 675 2264; x_wconf 81' lang='lat' dir='ltr'>confiteri</span> <span class='ocrx_word' id='word_1_127' title='bbox 694 2203 830 2264; x_wconf 87' lang='lat' dir='ltr'>deberem</span> <span class='ocrx_word' id='word_1_128' title='bbox 850 2223 972 2282; x_wconf 87' lang='lat' dir='ltr'>peooere</span> <span class='ocrx_word' id='word_1_129' title='bbox 991 2224 1049 2276; x_wconf 89' lang='lat' dir='ltr'>eos,</span> <span class='ocrx_word' id='word_1_130' title='bbox 1063 2206 1166 2268; x_wconf 87' lang='lat' dir='ltr'>seltem</span> <span class='ocrx_word' id='word_1_131' title='bbox 1180 2217 1285 2272; x_wconf 83' lang='lat' dir='ltr'>eontm</span> <span class='ocrx_word' id='word_1_132' title='bbox 1297 2211 1334 2272; x_wconf 91' lang='lat' dir='ltr'>le·</span> 
     </span>
     <span class='ocr_line' id='line_1_19' title="bbox 277 2297 1334 2380; baseline 0.005 -22"><span class='ocrx_word' id='word_1_133' title='bbox 277 2317 345 2378; x_wconf 81' lang='lat' dir='ltr'>gem</span> <span class='ocrx_word' id='word_1_134' title='bbox 357 2303 486 2366; x_wconf 66' lang='lat' dir='ltr'>ueterem</span> <span class='ocrx_word' id='word_1_135' title='bbox 505 2297 604 2378; x_wconf 89' lang='lat' dir='ltr'>iteque</span> <span class='ocrx_word' id='word_1_136' title='bbox 614 2315 673 2359; x_wconf 90' lang='lat' dir='ltr'>uon</span> <span class='ocrx_word' id='word_1_137' title='bbox 682 2297 885 2374; x_wconf 77' lang='lat' dir='ltr'>imprudentiae</span> <span class='ocrx_word' id='word_1_138' title='bbox 897 2305 1009 2362; x_wconf 85' lang='lat' dir='ltr'>tentum</span> <span class='ocrx_word' id='word_1_139' title='bbox 1019 2299 1070 2363; x_wconf 86' lang='lat' dir='ltr'>sed</span> <span class='ocrx_word' id='word_1_140' title='bbox 1085 2301 1173 2362; x_wconf 87' lang='lat' dir='ltr'>etiem</span> <span class='ocrx_word' id='word_1_141' title='bbox 1187 2301 1334 2380; x_wconf 76' lang='lat' dir='ltr'>injustitie</span> 
     </span>
     <span class='ocr_line' id='line_1_20' title="bbox 277 2389 1333 2474; baseline 0 -22"><span class='ocrx_word' id='word_1_142' title='bbox 277 2410 342 2454; x_wconf 88' lang='lat' dir='ltr'>reos</span> <span class='ocrx_word' id='word_1_143' title='bbox 361 2409 431 2454; x_wconf 82' lang='lat' dir='ltr'>esse.</span> <span class='ocrx_word' id='word_1_144' title='bbox 472 2389 537 2468; x_wconf 78' lang='lat' dir='ltr'>Ego</span> <span class='ocrx_word' id='word_1_145' title='bbox 555 2407 624 2451; x_wconf 88' lang='lat' dir='ltr'>vero</span> <span class='ocrx_word' id='word_1_146' title='bbox 644 2389 685 2462; x_wconf 82' lang='lat' dir='ltr'>itu</span> <span class='ocrx_word' id='word_1_147' title='bbox 697 2389 789 2450; x_wconf 85' lang='lat' dir='ltr'>etheis</span> <span class='ocrx_word' id='word_1_148' title='bbox 810 2391 943 2453; x_wconf 80' lang='lat' dir='ltr'>inimicus</span> <span class='ocrx_word' id='word_1_149' title='bbox 956 2411 1028 2466; x_wconf 88' lang='lat' dir='ltr'>sum,</span> <span class='ocrx_word' id='word_1_150' title='bbox 1043 2400 1076 2452; x_wconf 94' lang='lat' dir='ltr'>ut</span> <span class='ocrx_word' id='word_1_151' title='bbox 1089 2393 1184 2472; x_wconf 83' lang='lat' dir='ltr'>legem</span> <span class='ocrx_word' id='word_1_152' title='bbox 1197 2394 1333 2474; x_wconf 70' lang='lat' dir='ltr'>aliquem,</span> 
     </span>
    </p>

    <p class='ocr_par' dir='ltr' id='par_1_12' title="bbox 257 2480 1334 4318">
     <span class='ocr_line' id='line_1_21' title="bbox 257 2480 1333 2564; baseline 0.007 -26"><span class='ocrx_word' id='word_1_153' title='bbox 257 2485 358 2564; x_wconf 38' lang='lat' dir='ltr'>,juxte</span> <span class='ocrx_word' id='word_1_154' title='bbox 375 2501 463 2562; x_wconf 88' lang='lat' dir='ltr'>quem</span> <span class='ocrx_word' id='word_1_155' title='bbox 481 2481 673 2543; x_wconf 87' lang='lat' dir='ltr'>condemnere</span> <span class='ocrx_word' id='word_1_156' title='bbox 695 2500 744 2542; x_wconf 89' lang='lat' dir='ltr'>eos</span> <span class='ocrx_word' id='word_1_157' title='bbox 767 2480 915 2563; x_wconf 87' lang='lat' dir='ltr'>injustitiee</span> <span class='ocrx_word' id='word_1_158' title='bbox 933 2502 1056 2560; x_wconf 89' lang='lat' dir='ltr'>possem,</span> <span class='ocrx_word' id='word_1_159' title='bbox 1071 2491 1101 2543; x_wconf 89' lang='lat' dir='ltr'>et</span> <span class='ocrx_word' id='word_1_160' title='bbox 1114 2483 1333 2564; x_wconf 76' lang='lat' dir='ltr'>diligentiesIme</span> 
     </span>
     <span class='ocr_line' id='line_1_22' title="bbox 276 2574 1333 2660; baseline 0.001 -22"><span class='ocrx_word' id='word_1_161' title='bbox 276 2575 458 2660; x_wconf 73' lang='lat' dir='ltr'>quaesiverim</span> <span class='ocrx_word' id='word_1_162' title='bbox 473 2581 503 2634; x_wconf 88' lang='lat' dir='ltr'>et</span> <span class='ocrx_word' id='word_1_163' title='bbox 514 2575 700 2634; x_wconf 85' lang='lat' dir='ltr'>vehementer</span> <span class='ocrx_word' id='word_1_164' title='bbox 713 2574 872 2651; x_wconf 84' lang='lat' dir='ltr'>cupiverim</span> <span class='ocrx_word' id='word_1_165' title='bbox 883 2597 890 2644; x_wconf 90' lang='lat'><strong>;</strong></span> <span class='ocrx_word' id='word_1_166' title='bbox 903 2574 954 2634; x_wconf 90' lang='lat' dir='ltr'>sed</span> <span class='ocrx_word' id='word_1_167' title='bbox 965 2593 1032 2634; x_wconf 91' lang='lat' dir='ltr'>oum</span> <span class='ocrx_word' id='word_1_168' title='bbox 1042 2575 1153 2634; x_wconf 84' lang='lat' dir='ltr'>nulium</span> <span class='ocrx_word' id='word_1_169' title='bbox 1163 2574 1333 2638; x_wconf 71' lang='lat' dir='ltr'>invenerim⁴</span> 
     </span>
     <span class='ocr_line' id='line_1_23' title="bbox 277 2666 1334 2752; baseline -0.001 -21"><span class='ocrx_word' id='word_1_170' title='bbox 277 2669 396 2752; x_wconf 72' lang='lat' dir='ltr'>quesivi</span> <span class='ocrx_word' id='word_1_171' title='bbox 410 2668 550 2746; x_wconf 83' lang='lat' dir='ltr'>proxime,</span> <span class='ocrx_word' id='word_1_172' title='bbox 565 2685 624 2745; x_wconf 94' lang='lat' dir='ltr'>quo</span> <span class='ocrx_word' id='word_1_173' title='bbox 645 2667 763 2726; x_wconf 89' lang='lat' dir='ltr'>nomine</span> <span class='ocrx_word' id='word_1_174' title='bbox 783 2672 936 2744; x_wconf 75' lang='lat' dir='ltr'>tantopere</span> <span class='ocrx_word' id='word_1_175' title='bbox 955 2666 1022 2727; x_wconf 89' lang='lat' dir='ltr'>Deo</span> <span class='ocrx_word' id='word_1_176' title='bbox 1043 2669 1123 2728; x_wconf 85' lang='lat' dir='ltr'>exosi</span> <span class='ocrx_word' id='word_1_177' title='bbox 1141 2669 1286 2742; x_wconf 86' lang='lat' dir='ltr'>homines,</span> <span class='ocrx_word' id='word_1_178' title='bbox 1298 2673 1334 2732; x_wconf 84' lang='lat' dir='ltr'>eb</span> 
     </span>
     <span class='ocr_line' id='line_1_24' title="bbox 276 2759 1334 2844; baseline 0 -18"><span class='ocrx_word' id='word_1_179' title='bbox 276 2767 340 2844; x_wconf 89' lang='lat' dir='ltr'>ipso</span> <span class='ocrx_word' id='word_1_180' title='bbox 353 2761 574 2841; x_wconf 74' lang='lat' dir='ltr'>repellerentur.</span> <span class='ocrx_word' id='word_1_181' title='bbox 619 2759 702 2822; x_wconf 89' lang='lat' dir='ltr'>Deus</span> <span class='ocrx_word' id='word_1_182' title='bbox 715 2766 814 2820; x_wconf 85' lang='lat' dir='ltr'>eutem</span> <span class='ocrx_word' id='word_1_183' title='bbox 827 2759 864 2822; x_wconf 87' lang='lat' dir='ltr'>de</span> <span class='ocrx_word' id='word_1_184' title='bbox 879 2761 965 2822; x_wconf 87' lang='lat' dir='ltr'>etheo</span> <span class='ocrx_word' id='word_1_185' title='bbox 979 2761 1022 2822; x_wconf 86' lang='lat' dir='ltr'>sio</span> <span class='ocrx_word' id='word_1_186' title='bbox 1033 2761 1179 2840; x_wconf 67' lang='lat' dir='ltr'>loquitun</span> <span class='ocrx_word' id='word_1_187' title='bbox 1199 2763 1334 2826; x_wconf 75' lang='lat' dir='ltr'>diuitis·</span> 
     </span>
     <span class='ocr_line' id='line_1_25' title="bbox 276 2852 1333 2944; baseline 0.001 -26"><span class='ocrx_word' id='word_1_188' title='bbox 276 2859 382 2944; x_wconf 71' lang='lat' dir='ltr'>sipiano</span> <span class='ocrx_word' id='word_1_189' title='bbox 392 2857 424 2916; x_wconf 86' lang='lat' dir='ltr'>in</span> <span class='ocrx_word' id='word_1_190' title='bbox 438 2853 521 2914; x_wconf 84' lang='lat' dir='ltr'>corde</span> <span class='ocrx_word' id='word_1_191' title='bbox 534 2873 594 2922; x_wconf 83' lang='lat' dir='ltr'>sno,</span> <span class='ocrx_word' id='word_1_192' title='bbox 604 2871 661 2920; x_wconf 84' lang='lat' dir='ltr'>non</span> <span class='ocrx_word' id='word_1_193' title='bbox 672 2857 713 2912; x_wconf 84' lang='lat' dir='ltr'>est</span> <span class='ocrx_word' id='word_1_194' title='bbox 726 2853 813 2912; x_wconf 84' lang='lat' dir='ltr'>Deus.</span> <span class='ocrx_word' id='word_1_195' title='bbox 852 2852 956 2936; x_wconf 86' lang='lat' dir='ltr'>Iteque</span> <span class='ocrx_word' id='word_1_196' title='bbox 969 2861 1122 2932; x_wconf 85' lang='lat' dir='ltr'>peooeturn</span> <span class='ocrx_word' id='word_1_197' title='bbox 1137 2874 1240 2918; x_wconf 87' lang='lat' dir='ltr'>eorum</span> <span class='ocrx_word' id='word_1_198' title='bbox 1256 2858 1285 2918; x_wconf 90' lang='lat' dir='ltr'>iu</span> <span class='ocrx_word' id='word_1_199' title='bbox 1299 2877 1333 2919; x_wconf 91' lang='lat' dir='ltr'>eo</span> 
     </span>
     <span class='ocr_line' id='line_1_26' title="bbox 276 2945 1333 3030; baseline -0.002 -20"><span class='ocrx_word' id='word_1_200' title='bbox 276 2967 381 3030; x_wconf 83' lang='lat' dir='ltr'>genere</span> <span class='ocrx_word' id='word_1_201' title='bbox 405 2947 552 3018; x_wconf 85' lang='lat' dir='ltr'>oollooevi,</span> <span class='ocrx_word' id='word_1_202' title='bbox 575 2945 606 3008; x_wconf 91' lang='lat' dir='ltr'>in</span> <span class='ocrx_word' id='word_1_203' title='bbox 629 2946 707 3026; x_wconf 92' lang='lat' dir='ltr'>quod</span> <span class='ocrx_word' id='word_1_204' title='bbox 732 2964 824 3026; x_wconf 84' lang='lat' dir='ltr'>genus</span> <span class='ocrx_word' id='word_1_205' title='bbox 847 2946 885 3005; x_wconf 89' lang='lat' dir='ltr'>eb</span> <span class='ocrx_word' id='word_1_206' title='bbox 909 2946 972 3026; x_wconf 87' lang='lat' dir='ltr'>ipso</span> <span class='ocrx_word' id='word_1_207' title='bbox 993 2945 1060 3006; x_wconf 88' lang='lat' dir='ltr'>Deo</span> <span class='ocrx_word' id='word_1_208' title='bbox 1081 2948 1204 3011; x_wconf 81' lang='lat' dir='ltr'>relatum</span> <span class='ocrx_word' id='word_1_209' title='bbox 1230 2948 1333 3008; x_wconf 83' lang='lat' dir='ltr'>iuerat.</span> 
     </span>
     <span class='ocr_line' id='line_1_27' title="bbox 276 3037 1333 3120; baseline 0.001 -19"><span class='ocrx_word' id='word_1_210' title='bbox 276 3041 391 3102; x_wconf 89' lang='lat' dir='ltr'>Deinde</span> <span class='ocrx_word' id='word_1_211' title='bbox 410 3040 509 3100; x_wconf 87' lang='lat' dir='ltr'>etheos</span> <span class='ocrx_word' id='word_1_212' title='bbox 518 3039 614 3098; x_wconf 90' lang='lat' dir='ltr'>hostes</span> <span class='ocrx_word' id='word_1_213' title='bbox 622 3037 681 3106; x_wconf 88' lang='lat' dir='ltr'>Dei</span> <span class='ocrx_word' id='word_1_214' title='bbox 690 3056 752 3097; x_wconf 88' lang='lat' dir='ltr'>esse</span> <span class='ocrx_word' id='word_1_215' title='bbox 763 3037 896 3110; x_wconf 87' lang='lat' dir='ltr'>ostendo;</span> <span class='ocrx_word' id='word_1_216' title='bbox 916 3056 1022 3098; x_wconf 90' lang='lat' dir='ltr'>nomen</span> <span class='ocrx_word' id='word_1_217' title='bbox 1034 3045 1131 3100; x_wconf 86' lang='lat' dir='ltr'>eutem</span> <span class='ocrx_word' id='word_1_218' title='bbox 1142 3039 1235 3100; x_wconf 88' lang='lat' dir='ltr'>hostis</span> <span class='ocrx_word' id='word_1_219' title='bbox 1246 3061 1333 3120; x_wconf 85' lang='lat' dir='ltr'>quum</span> 
     </span>
     <span class='ocr_line' id='line_1_28' title="bbox 275 3129 1333 3214; baseline 0.004 -22"><span class='ocrx_word' id='word_1_220' title='bbox 275 3133 383 3214; x_wconf 88' lang='lat' dir='ltr'>injusti,</span> <span class='ocrx_word' id='word_1_221' title='bbox 397 3131 552 3211; x_wconf 86' lang='lat' dir='ltr'>uliquendo</span> <span class='ocrx_word' id='word_1_222' title='bbox 567 3132 693 3192; x_wconf 85' lang='lat' dir='ltr'>utrooius</span> <span class='ocrx_word' id='word_1_223' title='bbox 706 3149 767 3190; x_wconf 90' lang='lat' dir='ltr'>esse</span> <span class='ocrx_word' id='word_1_224' title='bbox 780 3139 861 3209; x_wconf 91' lang='lat' dir='ltr'>puto.</span> <span class='ocrx_word' id='word_1_225' title='bbox 891 3129 1042 3191; x_wconf 90' lang='lat' dir='ltr'>Postremo</span> <span class='ocrx_word' id='word_1_226' title='bbox 1051 3130 1131 3210; x_wconf 82' lang='lat' dir='ltr'>juste</span> <span class='ocrx_word' id='word_1_227' title='bbox 1144 3139 1174 3191; x_wconf 88' lang='lat' dir='ltr'>et</span> <span class='ocrx_word' id='word_1_228' title='bbox 1187 3151 1207 3194; x_wconf 86' lang='lat' dir='ltr'>e</span> <span class='ocrx_word' id='word_1_229' title='bbox 1221 3133 1290 3194; x_wconf 87' lang='lat' dir='ltr'>Deo</span> <span class='ocrx_word' id='word_1_230' title='bbox 1303 3143 1333 3196; x_wconf 88' lang='lat' dir='ltr'>et</span> 
     </span>
     <span class='ocr_line' id='line_1_29' title="bbox 276 3223 1333 3306; baseline -0.002 -20"><span class='ocrx_word' id='word_1_231' title='bbox 276 3245 294 3286; x_wconf 91' lang='lat' dir='ltr'>e</span> <span class='ocrx_word' id='word_1_232' title='bbox 306 3226 424 3286; x_wconf 89' lang='lat' dir='ltr'>summis</span> <span class='ocrx_word' id='word_1_233' title='bbox 434 3225 643 3302; x_wconf 73' lang='lat' dir='ltr'>imperantibus</span> <span class='ocrx_word' id='word_1_234' title='bbox 657 3241 692 3286; x_wconf 88' lang='lat' dir='ltr'>eo</span> <span class='ocrx_word' id='word_1_235' title='bbox 705 3223 822 3286; x_wconf 88' lang='lat' dir='ltr'>nomine</span> <span class='ocrx_word' id='word_1_236' title='bbox 834 3223 932 3300; x_wconf 88' lang='lat' dir='ltr'>puniri</span> <span class='ocrx_word' id='word_1_237' title='bbox 945 3241 1029 3300; x_wconf 85' lang='lat' dir='ltr'>posse</span> <span class='ocrx_word' id='word_1_238' title='bbox 1043 3223 1193 3286; x_wconf 87' lang='lat' dir='ltr'>eoniirmo.</span> <span class='ocrx_word' id='word_1_239' title='bbox 1229 3225 1333 3306; x_wconf 72' lang='lat' dir='ltr'>Imque</span> 
     </span>
     <span class='ocr_line' id='line_1_30' title="bbox 275 3315 1332 3396; baseline 0.002 -18"><span class='ocrx_word' id='word_1_240' title='bbox 275 3323 428 3396; x_wconf 86' lang='lat' dir='ltr'>peooetum</span> <span class='ocrx_word' id='word_1_241' title='bbox 448 3316 504 3376; x_wconf 92' lang='lat' dir='ltr'>boo</span> <span class='ocrx_word' id='word_1_242' title='bbox 520 3315 598 3375; x_wconf 92' lang='lat' dir='ltr'>nulio</span> <span class='ocrx_word' id='word_1_243' title='bbox 619 3316 706 3376; x_wconf 89' lang='lat' dir='ltr'>modo</span> <span class='ocrx_word' id='word_1_244' title='bbox 719 3334 827 3376; x_wconf 89' lang='lat' dir='ltr'>exouso</span> <span class='ocrx_word' id='word_1_245' title='bbox 841 3333 936 3396; x_wconf 90' lang='lat' dir='ltr'>neque</span> <span class='ocrx_word' id='word_1_246' title='bbox 950 3322 1083 3376; x_wconf 80' lang='lat' dir='ltr'>extenuo.</span> <span class='ocrx_word' id='word_1_247' title='bbox 1124 3316 1213 3386; x_wconf 83' lang='lat' dir='ltr'>Quod</span> <span class='ocrx_word' id='word_1_248' title='bbox 1234 3329 1332 3385; x_wconf 85' lang='lat' dir='ltr'>eutem</span> 
     </span>
     <span class='ocr_line' id='line_1_31' title="bbox 276 3407 1332 3488; baseline -0.001 -18"><span class='ocrx_word' id='word_1_249' title='bbox 276 3412 368 3474; x_wconf 70' lang='lat' dir='ltr'>Derion</span> <span class='ocrx_word' id='word_1_250' title='bbox 387 3428 443 3470; x_wconf 79' lang='lat' dir='ltr'>esee</span> <span class='ocrx_word' id='word_1_251' title='bbox 463 3409 573 3470; x_wconf 89' lang='lat' dir='ltr'>retione</span> <span class='ocrx_word' id='word_1_252' title='bbox 594 3407 718 3470; x_wconf 88' lang='lat' dir='ltr'>netureii</span> <span class='ocrx_word' id='word_1_253' title='bbox 738 3408 805 3467; x_wconf 83' lang='lat' dir='ltr'>seiri</span> <span class='ocrx_word' id='word_1_254' title='bbox 823 3426 906 3488; x_wconf 89' lang='lat' dir='ltr'>posse</span> <span class='ocrx_word' id='word_1_255' title='bbox 925 3407 1055 3480; x_wconf 89' lang='lat' dir='ltr'>dixerim,</span> <span class='ocrx_word' id='word_1_256' title='bbox 1068 3409 1109 3466; x_wconf 86' lang='lat' dir='ltr'>itu</span> <span class='ocrx_word' id='word_1_257' title='bbox 1127 3411 1332 3486; x_wconf 76' lang='lat' dir='ltr'>accipiendum</span> 
     </span>
     <span class='ocr_line' id='line_1_32' title="bbox 276 3500 1331 3582; baseline 0 -18"><span class='ocrx_word' id='word_1_258' title='bbox 276 3509 327 3575; x_wconf 90' lang='lat' dir='ltr'>est,</span> <span class='ocrx_word' id='word_1_259' title='bbox 342 3521 400 3567; x_wconf 89' lang='lat' dir='ltr'>non</span> <span class='ocrx_word' id='word_1_260' title='bbox 413 3509 554 3580; x_wconf 80' lang='lat' dir='ltr'>tunquam</span> <span class='ocrx_word' id='word_1_261' title='bbox 567 3519 666 3560; x_wconf 87' lang='lat' dir='ltr'>omnes</span> <span class='ocrx_word' id='word_1_262' title='bbox 679 3500 709 3560; x_wconf 92' lang='lat' dir='ltr'>id</span> <span class='ocrx_word' id='word_1_263' title='bbox 723 3502 796 3560; x_wconf 87' lang='lat' dir='ltr'>seire</span> <span class='ocrx_word' id='word_1_264' title='bbox 817 3519 901 3577; x_wconf 85' lang='lat' dir='ltr'>posse</span> <span class='ocrx_word' id='word_1_265' title='bbox 918 3502 1098 3577; x_wconf 69' lang='lat' dir='ltr'>putaverim</span> <span class='ocrx_word' id='word_1_266' title='bbox 1117 3503 1173 3560; x_wconf 89' lang='lat' dir='ltr'>nisi</span> <span class='ocrx_word' id='word_1_267' title='bbox 1191 3505 1331 3582; x_wconf 81' lang='lat' dir='ltr'>quoniam</span> 
     </span>
     <span class='ocr_line' id='line_1_33' title="bbox 276 3591 1332 3675; baseline 0.002 -21"><span class='ocrx_word' id='word_1_268' title='bbox 276 3593 387 3654; x_wconf 80' lang='lat' dir='ltr'>ratione</span> <span class='ocrx_word' id='word_1_269' title='bbox 411 3591 535 3652; x_wconf 89' lang='lat' dir='ltr'>netureii</span> <span class='ocrx_word' id='word_1_270' title='bbox 559 3611 647 3670; x_wconf 88' lang='lat' dir='ltr'>quem</span> <span class='ocrx_word' id='word_1_271' title='bbox 669 3592 887 3670; x_wconf 88' lang='lat' dir='ltr'>proportionem</span> <span class='ocrx_word' id='word_1_272' title='bbox 911 3593 1018 3653; x_wconf 85' lang='lat' dir='ltr'>hobeet</span> <span class='ocrx_word' id='word_1_273' title='bbox 1038 3593 1151 3670; x_wconf 74' lang='lat' dir='ltr'>sphaere</span> <span class='ocrx_word' id='word_1_274' title='bbox 1180 3593 1219 3654; x_wconf 87' lang='lat' dir='ltr'>ed</span> <span class='ocrx_word' id='word_1_275' title='bbox 1240 3597 1332 3675; x_wconf 82' lang='lat' dir='ltr'>cylin-</span> 
     </span>
     <span class='ocr_line' id='line_1_34' title="bbox 276 3683 1330 3766; baseline 0.002 -18"><span class='ocrx_word' id='word_1_276' title='bbox 276 3689 371 3756; x_wconf 90' lang='lat' dir='ltr'>drum,</span> <span class='ocrx_word' id='word_1_277' title='bbox 383 3687 493 3746; x_wconf 84' lang='lat' dir='ltr'>invenit</span> <span class='ocrx_word' id='word_1_278' title='bbox 502 3683 701 3755; x_wconf 79' lang='lat' dir='ltr'>Archimedes,</span> <span class='ocrx_word' id='word_1_279' title='bbox 713 3703 749 3744; x_wconf 81' lang='lat' dir='ltr'>ex</span> <span class='ocrx_word' id='word_1_280' title='bbox 759 3703 795 3744; x_wconf 90' lang='lat' dir='ltr'>eo</span> <span class='ocrx_word' id='word_1_281' title='bbox 808 3684 891 3762; x_wconf 90' lang='lat' dir='ltr'>sequi</span> <span class='ocrx_word' id='word_1_282' title='bbox 900 3691 1013 3762; x_wconf 80' lang='lat' dir='ltr'>putent,</span> <span class='ocrx_word' id='word_1_283' title='bbox 1024 3685 1184 3762; x_wconf 83' lang='lat' dir='ltr'>quemlibet</span> <span class='ocrx_word' id='word_1_284' title='bbox 1193 3704 1231 3746; x_wconf 77' lang='lat' dir='ltr'>ex</span> <span class='ocrx_word' id='word_1_285' title='bbox 1242 3689 1330 3766; x_wconf 76' lang='lat' dir='ltr'>vulgo</span> 
     </span>
     <span class='ocr_line' id='line_1_35' title="bbox 275 3775 1331 3859; baseline 0.002 -21"><span class='ocrx_word' id='word_1_286' title='bbox 275 3781 353 3840; x_wconf 90' lang='lat' dir='ltr'>idem</span> <span class='ocrx_word' id='word_1_287' title='bbox 365 3779 494 3840; x_wconf 85' lang='lat' dir='ltr'>invenire</span> <span class='ocrx_word' id='word_1_288' title='bbox 514 3777 651 3856; x_wconf 82' lang='lat' dir='ltr'>potuisse.</span> <span class='ocrx_word' id='word_1_289' title='bbox 685 3775 764 3836; x_wconf 89' lang='lat' dir='ltr'>Dioo</span> <span class='ocrx_word' id='word_1_290' title='bbox 778 3776 867 3859; x_wconf 80' lang='lat' dir='ltr'>igitur</span> <span class='ocrx_word' id='word_1_291' title='bbox 881 3776 934 3836; x_wconf 89' lang='lat' dir='ltr'>etsi</span> <span class='ocrx_word' id='word_1_292' title='bbox 945 3776 982 3836; x_wconf 85' lang='lat' dir='ltr'>ub</span> <span class='ocrx_word' id='word_1_293' title='bbox 996 3777 1149 3856; x_wconf 79' lang='lat' dir='ltr'>aliquibus,</span> <span class='ocrx_word' id='word_1_294' title='bbox 1159 3777 1253 3840; x_wconf 78' lang='lat' dir='ltr'>Deum</span> <span class='ocrx_word' id='word_1_295' title='bbox 1264 3799 1331 3850; x_wconf 75' lang='lat' dir='ltr'>em,</span> 
     </span>
     <span class='ocr_line' id='line_1_36' title="bbox 274 3868 1329 3948; baseline 0 -16"><span class='ocrx_word' id='word_1_296' title='bbox 274 3873 383 3934; x_wconf 90' lang='lat' dir='ltr'>iumine</span> <span class='ocrx_word' id='word_1_297' title='bbox 395 3870 514 3932; x_wconf 79' lang='lat' dir='ltr'>rationis</span> <span class='ocrx_word' id='word_1_298' title='bbox 534 3869 601 3928; x_wconf 85' lang='lat' dir='ltr'>seiri</span> <span class='ocrx_word' id='word_1_299' title='bbox 617 3868 723 3948; x_wconf 83' lang='lat' dir='ltr'>possit;</span> <span class='ocrx_word' id='word_1_300' title='bbox 743 3877 839 3927; x_wconf 84' lang='lat' dir='ltr'>temen</span> <span class='ocrx_word' id='word_1_301' title='bbox 860 3869 991 3928; x_wconf 88' lang='lat' dir='ltr'>homines</span> <span class='ocrx_word' id='word_1_302' title='bbox 1010 3870 1042 3928; x_wconf 92' lang='lat' dir='ltr'>in</span> <span class='ocrx_word' id='word_1_303' title='bbox 1060 3869 1268 3948; x_wconf 85' lang='lat' dir='ltr'>voluptatibus,</span> <span class='ocrx_word' id='word_1_304' title='bbox 1283 3873 1329 3932; x_wconf 86' lang='lat' dir='ltr'>vel</span> 
     </span>
     <span class='ocr_line' id='line_1_37' title="bbox 276 3960 1329 4038; baseline 0.002 -16"><span class='ocrx_word' id='word_1_305' title='bbox 276 3964 390 4034; x_wconf 90' lang='lat' dir='ltr'>divitiis,</span> <span class='ocrx_word' id='word_1_306' title='bbox 403 3962 450 4021; x_wconf 89' lang='lat' dir='ltr'>vel</span> <span class='ocrx_word' id='word_1_307' title='bbox 464 3960 630 4030; x_wconf 91' lang='lat' dir='ltr'>honoribus,</span> <span class='ocrx_word' id='word_1_308' title='bbox 644 3960 844 4038; x_wconf 89' lang='lat' dir='ltr'>perquirendis</span> <span class='ocrx_word' id='word_1_309' title='bbox 861 3961 998 4020; x_wconf 88' lang='lat' dir='ltr'>oontinuo</span> <span class='ocrx_word' id='word_1_310' title='bbox 1013 3971 1178 4038; x_wconf 87' lang='lat' dir='ltr'>oooupetos,</span> <span class='ocrx_word' id='word_1_311' title='bbox 1192 3963 1263 4022; x_wconf 89' lang='lat' dir='ltr'>item</span> <span class='ocrx_word' id='word_1_312' title='bbox 1276 3965 1329 4024; x_wconf 88' lang='lat' dir='ltr'>ho·</span> 
     </span>
     <span class='ocr_line' id='line_1_38' title="bbox 275 4051 1326 4133; baseline 0.001 -18"><span class='ocrx_word' id='word_1_313' title='bbox 275 4057 374 4126; x_wconf 88' lang='lat' dir='ltr'>mines,</span> <span class='ocrx_word' id='word_1_314' title='bbox 389 4055 440 4133; x_wconf 88' lang='lat' dir='ltr'>qni</span> <span class='ocrx_word' id='word_1_315' title='bbox 459 4061 537 4113; x_wconf 84' lang='lat' dir='ltr'>reete</span> <span class='ocrx_word' id='word_1_316' title='bbox 556 4053 720 4112; x_wconf 75' lang='lat' dir='ltr'>ratiocinari</span> <span class='ocrx_word' id='word_1_317' title='bbox 740 4070 799 4112; x_wconf 89' lang='lat' dir='ltr'>uon</span> <span class='ocrx_word' id='word_1_318' title='bbox 820 4051 922 4120; x_wconf 87' lang='lat' dir='ltr'>soient,</span> <span class='ocrx_word' id='word_1_319' title='bbox 936 4052 982 4111; x_wconf 89' lang='lat' dir='ltr'>vei</span> <span class='ocrx_word' id='word_1_320' title='bbox 1002 4071 1060 4112; x_wconf 86' lang='lat' dir='ltr'>non</span> <span class='ocrx_word' id='word_1_321' title='bbox 1080 4052 1187 4125; x_wconf 83' lang='lat' dir='ltr'>velent,</span> <span class='ocrx_word' id='word_1_322' title='bbox 1202 4055 1248 4115; x_wconf 87' lang='lat' dir='ltr'>vei</span> <span class='ocrx_word' id='word_1_323' title='bbox 1269 4077 1326 4120; x_wconf 89' lang='lat' dir='ltr'>non</span> 
     </span>
     <span class='ocr_line' id='line_1_39' title="bbox 276 4145 1327 4224; baseline 0.002 -14"><span class='ocrx_word' id='word_1_324' title='bbox 276 4155 393 4218; x_wconf 74' lang='lat' dir='ltr'>ourent3</span> <span class='ocrx_word' id='word_1_325' title='bbox 421 4147 546 4224; x_wconf 87' lang='lat' dir='ltr'>denique</span> <span class='ocrx_word' id='word_1_326' title='bbox 557 4146 733 4224; x_wconf 86' lang='lat' dir='ltr'>insipientes,</span> <span class='ocrx_word' id='word_1_327' title='bbox 746 4145 777 4205; x_wconf 93' lang='lat' dir='ltr'>in</span> <span class='ocrx_word' id='word_1_328' title='bbox 797 4163 856 4224; x_wconf 92' lang='lat' dir='ltr'>quo</span> <span class='ocrx_word' id='word_1_329' title='bbox 874 4146 995 4208; x_wconf 84' lang='lat' dir='ltr'>numero</span> <span class='ocrx_word' id='word_1_330' title='bbox 1009 4146 1086 4208; x_wconf 85' lang='lat' dir='ltr'>ethei</span> <span class='ocrx_word' id='word_1_331' title='bbox 1105 4155 1185 4220; x_wconf 90' lang='lat' dir='ltr'>sunt,</span> <span class='ocrx_word' id='word_1_332' title='bbox 1201 4150 1275 4210; x_wconf 89' lang='lat' dir='ltr'>seire</span> <span class='ocrx_word' id='word_1_333' title='bbox 1293 4151 1327 4212; x_wconf 90' lang='lat' dir='ltr'>id</span> 
     </span>
     <span class='ocr_line' id='line_1_40' title="bbox 276 4257 440 4318; baseline -0.037 -14"><span class='ocrx_word' id='word_1_334' title='bbox 276 4259 334 4304; x_wconf 88' lang='lat' dir='ltr'>non</span> <span class='ocrx_word' id='word_1_335' title='bbox 348 4257 440 4318; x_wconf 83' lang='lat' dir='ltr'>posse.</span> 
     </span>
    </p>
   </div>
   <div class='ocr_carea' id='block_1_7' title="bbox 0 0 1456 4916">
    <p class='ocr_par' dir='ltr' id='par_1_13' title="bbox 0 0 1456 4916">
     <span class='ocr_line' id='line_1_41' title="bbox 0 0 1456 4916; baseline 0 2"><span class='ocrx_word' id='word_1_336' title='bbox 0 0 1456 4916; x_wconf 95' lang='lat' dir='ltr'> </span> 
     </span>
    </p>
   </div>
  </div>
 </body>
</html>
