2904 4916
124 476 219 527 SECT.
236 479 287 529 111.

136 555 279 656 ᾧ

108 691 221 748 subjectos
230 707 277 736 esse

105 755 191 812 legibus
205 758 307 801 civilibus

106 821 172 863 etiam
181 836 218 865 eos
224 823 262 879 qui
270 821 308 867 ha-

105 886 159 928 bent
188 901 299 930 summum

105 950 228 1007 imperium,
246 953 301 996 sedi-

106 1014 162 1059 tiosu
171 1017 250 1074 opinio.

326 264 398 332 288
738 281 965 335 ruenruuu.

320 470 439 542 neque
458 445 626 544 sibiipsi,
644 471 764 544 neque
776 450 847 524 civi
861 451 1032 545 cuiquam
1049 449 1206 546 obligari
1222 461 1369 546 potest:

319 583 395 633 non
419 560 500 649 sibi,
518 561 605 656 quia
631 585 739 634 nemo
766 562 952 658 obligatur
978 561 1050 635 nisi
1079 562 1164 646 alii;
1191 587 1271 636 non
1289 563 1372 649 civi,

321 674 408 770 quia
421 673 555 746 civium
565 674 774 748 voluntates
789 675 942 770 singulae
956 675 995 747 in
1008 674 1199 749 voluntate
1211 676 1373 750 civitatis

320 786 582 871 continentur3
609 787 662 860 ita
686 797 730 860 ut
747 787 778 860 si
796 787 924 861 civitas
951 811 990 860 se
1008 787 1162 860 liberam
1180 813 1204 861 a
1220 789 1291 861 tali
1309 792 1372 862 ob-

319 899 497 995 ligatione
523 923 600 973 esse
621 900 721 988 velit,
746 901 857 972 etiam
882 900 979 973 cives
997 900 1123 989 velint,
1143 913 1182 973 et
1212 902 1372 996 proinde

319 1012 435 1086 libera
460 1013 518 1086 sit.
572 1014 684 1090 Quod
710 1023 835 1086 autem
864 1013 909 1086 de
931 1013 1080 1087 civitate
1097 1037 1229 1086 verum
1247 1025 1316 1105 est,
1334 1016 1374 1088 id

319 1148 447 1197 verum
467 1149 546 1198 esse
559 1126 778 1223 intelligitur
801 1127 847 1198 de
865 1150 909 1200 eo
926 1127 1088 1217 homine,
1107 1127 1166 1199 vel
1185 1138 1289 1200 coetu
1305 1129 1372 1201 ho-

319 1238 470 1328 minum,
492 1239 554 1334 qui
582 1264 762 1313 summam
786 1240 899 1313 habet
921 1250 1166 1336 potestatem
1194 1239 1249 1312 illi
1273 1242 1369 1316 enim

320 1352 448 1426 civitas
466 1363 562 1443 sunt,
582 1378 662 1449 quae
679 1355 751 1427 nisi
776 1377 842 1450 per
863 1376 1042 1427 summam
1061 1378 1190 1426 eorum
1205 1367 1371 1449 potesta-

317 1475 394 1538 tem
424 1491 499 1540 non
530 1467 681 1541 exsistit.
735 1467 846 1542 Quod
873 1479 998 1540 autem
1027 1467 1151 1564 opinio
1179 1467 1263 1540 haec
1287 1493 1371 1541 cum

318 1579 475 1653 essentia
493 1578 652 1652 civitatis
670 1580 870 1652 consistere
889 1605 963 1653 non
981 1581 1110 1676 possit,
1129 1605 1174 1652 ex
1194 1605 1239 1654 eo
1253 1592 1369 1677 patet,

318 1692 418 1788 quod
443 1716 510 1788 per
537 1716 617 1765 eam
648 1692 814 1790 cognitio
838 1693 940 1788 justi
968 1703 1007 1765 et
1037 1694 1182 1788 injusti,
1204 1694 1279 1766 hoc
1302 1707 1369 1783 est,

315 1805 408 1901 quid
421 1805 478 1891 sit,
498 1805 586 1901 quid
602 1829 678 1878 non
693 1805 753 1895 sit,
772 1815 904 1877 contra
926 1806 1025 1900 leges
1046 1806 1183 1894 civiles
1202 1806 1369 1898 definire,

308 1919 368 1992 ‚ad
383 1918 546 2014 singulos
562 1918 711 1991 rediret.
752 1919 918 1992 Cessabit
935 1943 1024 2016 ergo
1043 1919 1267 2008 obedientia,
1279 1944 1369 2015 quo-

316 2032 386 2106 ties
398 2032 618 2127 imperatum
628 2031 779 2126 aliquod
791 2031 975 2104 videbitur
988 2042 1119 2105 contra
1130 2032 1245 2128 legeS,
1258 2044 1369 2128 atque

317 2169 393 2217 una
421 2144 539 2217 omnis
566 2153 730 2240 potestas
755 2143 945 2227 coactiva3
972 2144 1073 2240 quod
1088 2144 1191 2217 salva
1209 2145 1369 2218 civitatis

318 2259 477 2331 essentia
503 2259 584 2331 fieri
610 2282 685 2330 non
712 2268 846 2353 potest.
909 2257 1067 2352 Magnos
1098 2269 1226 2330 tamen
1257 2259 1369 2332 habet

317 2394 421 2443 error
435 2371 495 2443 hio
512 2370 685 2459 fautores,
700 2369 939 2442 Aristotelem
953 2382 992 2444 et
1002 2370 1104 2458 alios,
1124 2372 1200 2467 qui,
1215 2385 1369 2468 propter

320 2483 575 2579 impotentiam
605 2483 816 2570 humanam,
836 2481 994 2555 civitatis
1019 2493 1246 2579 potestatem
1270 2509 1368 2558 sum-

317 2621 416 2669 mam
446 2597 531 2670 solis
564 2597 707 2693 legibus
744 2596 980 2669 deferendam
1014 2620 1092 2669 esse
1125 2597 1366 2672 arbitrantur.

316 2710 497 2785 Videntur
521 2721 644 2784 autem
673 2711 712 2784 in
739 2722 911 2784 naturam
935 2710 1095 2783 civitatis
1122 2735 1257 2806 parum
1282 2736 1368 2807 pro-

302 2825 430 2906 ,sunde
448 2825 660 2921 inspexisse,
680 2823 743 2918 qui
765 2834 988 2919 potestatem
1006 2824 1224 2913 coactivam,
1242 2824 1367 2921 legum

315 2939 670 3035 interpretationem,
677 2948 715 3010 et
723 2938 847 3033 legum
857 2937 1043 3025 lationem,
1055 2951 1139 3032 quae
1148 2938 1367 3012 necessariae

314 3053 455 3126 civitati
477 3062 678 3148 potestates
708 3062 805 3140 sunt,
824 3050 912 3147 ipsis
936 3051 1079 3146 legibus
1104 3050 1366 3146 relinquendas

312 3189 394 3238 esse
412 3164 710 3239 existimaverint.
764 3163 997 3258 Quamquam
1025 3173 1148 3236 autem
1171 3163 1273 3236 cives
1292 3165 1366 3236 sin-

315 3278 393 3374 guli
423 3303 506 3351 cum
531 3279 610 3375 ipsa
636 3278 785 3351 civitate
816 3277 1039 3350 contendere
1059 3276 1201 3372 judicio
1226 3289 1267 3348 et
1284 3277 1366 3373 lege

315 3415 425 3488 agere
442 3392 628 3465 interdum
644 3390 797 3487 possint,
815 3389 855 3462 id
865 3401 990 3463 tamen
1006 3389 1129 3462 locum
1146 3389 1262 3462 habet
1274 3399 1366 3462 tunc

312 3504 444 3595 solum,
463 3505 609 3600 quando
627 3505 781 3600 quaestio
808 3527 883 3576 non
912 3513 968 3576 est
985 3502 1030 3575 de
1050 3525 1093 3575 eo
1113 3502 1216 3597 quod
1233 3503 1366 3576 civitas

314 3619 441 3714 possit,
461 3619 525 3692 sed
553 3619 598 3691 de
625 3642 668 3690 eo
699 3616 798 3713 quod
826 3625 928 3688 certa
948 3614 1108 3710 quadam
1130 3613 1213 3709 lege
1234 3615 1366 3689 voluit.

315 3733 379 3822 Ut,
407 3758 490 3806 cum
518 3731 564 3805 de
595 3731 714 3826 capite
744 3729 833 3802 civis
864 3728 988 3823 agitur
1018 3751 1239 3823 quacunque
1269 3728 1366 3824 lege,

313 3847 468 3942 quaestio
489 3871 564 3920 non
582 3856 649 3934 est,
667 3868 713 3918 an
732 3843 860 3916 civitas
874 3844 958 3938 jure
974 3865 1041 3914 suo
1059 3840 1229 3914 absoluto
1248 3842 1366 3916 vitam

311 3962 391 4055 ejus
408 3959 536 4032 tollere
553 3956 680 4054 possit,
694 3956 758 4029 sed
775 3979 899 4051 anper
911 3954 1031 4050 legem
1044 3953 1144 4026 illam
1158 3953 1366 4028 tollendam

311 4096 392 4145 esse
421 4072 591 4146 voluerit.
652 4069 779 4144 Voluit
807 4078 943 4157 autem,
969 4067 1000 4142 si
1032 4066 1152 4161 legem
1181 4066 1365 4152 violavit;

309 4184 449 4280 alioqui
466 4186 594 4260 noluit.
649 4182 760 4260 Quod
787 4181 901 4278 igitur
927 4180 1055 4254 civitas
1083 4179 1158 4252 suis
1176 4179 1291 4276 ipsius
1309 4182 1365 4256 le-
