2912 4912
286 270 333 337 96
537 289 539 296 ’
660 281 714 336 nu
735 281 917 336 uourun.

97 486 195 538 soce,
211 481 249 540 11.
285 449 497 525 alternatim
511 459 691 545 appetunt
708 461 746 522 et
758 450 919 547 fugiunt,
932 448 1049 522 donec
1064 472 1103 521 re
1120 449 1336 544 postulante

101 564 244 670 „IL
284 578 329 640 ut
345 564 484 660 aliquid
495 564 706 653 decernant,
719 564 905 661 appetitus
923 563 1074 636 ultimus
1086 563 1162 635 sive
1172 562 1337 636 faciendi

286 679 362 752 sive
380 677 588 765 omittendi,
604 677 667 772 qui
680 678 864 750 actionem
878 677 937 750 vel
954 676 1191 750 omissionem
1204 677 1336 748 imme-

285 791 385 864 diate
397 789 583 886 producit,
601 789 749 886 proprie
767 789 939 862 uoluntas
954 788 1101 861 dicitur.

72 919 268 995 Ametinum·
337 913 372 977 3.
399 903 503 976 Prior
520 903 722 975 secundum
738 913 882 976 naturae
900 900 1116 975 methodum
1134 912 1190 972 est
1210 899 1336 972 aeoaio

73 989 110 1027 ²¹¹¹
132 986 398 1113 expenundo'quam
425 1016 632 1114 appetitus.
685 1016 818 1090 Utrum
848 1016 948 1089 enim
974 1014 1014 1086 id
1042 1012 1141 1110 quod
1167 1012 1338 1086 videmus

282 1128 489 1226 jucundum
512 1151 630 1200 necne
652 1128 819 1202 futurum
846 1127 906 1216 sit,
931 1125 1005 1199 nisi
1030 1124 1270 1222 experiundo,
1298 1122 1340 1196 id

286 1253 342 1314 est
360 1240 565 1331 sentiendo,
584 1242 670 1314 sciri
681 1266 759 1314 non
771 1251 908 1338 potest.
936 1241 1066 1336 Itaque
1079 1240 1190 1336 vulgo
1206 1238 1340 1311 dicunt

287 1355 405 1452 ignoti
433 1354 644 1451 cupidinem
670 1379 746 1427 uon
777 1377 867 1427 esse.
919 1353 1172 1426 Veruntamen
1202 1350 1340 1447 cupido

287 1467 503 1565 experiundi
520 1467 633 1540 etiam
649 1467 767 1564 ignoti
785 1489 863 1539 esse
881 1476 1014 1563 potest.
1050 1465 1141 1538 Inde
1159 1476 1216 1538 est
1238 1464 1341 1559 quod

287 1581 445 1656 infantes
469 1604 588 1676 pauca
613 1589 806 1676 appetunt,
831 1579 938 1675 pueri
963 1578 1072 1674 plura
1088 1589 1126 1651 et
1141 1602 1241 1650 nova
1256 1588 1340 1649 ten-

286 1705 380 1784 tant,
413 1704 450 1767 et
479 1694 705 1790 procedente
735 1703 845 1766 aetate
876 1692 1069 1764 innumera
1099 1690 1342 1786 experiuntur

286 1808 455 1882 homines
477 1799 625 1893 maturi,
650 1805 858 1903 praesertim
881 1804 1028 1895 eruditi,
1051 1804 1163 1878 etiam
1180 1828 1259 1877 non
1277 1827 1342 1876 ne-

288 1921 466 2006 ccssaria3
482 1945 635 2017 quaeque
644 1919 810 2015 jucunda
821 1942 900 1992 esse
911 1919 1053 2014 experti
1063 1918 1198 2006 sciunt,
1209 1931 1342 2013 postea

288 2029 506 2108 sollicitante
530 2035 707 2107 memoria
730 2034 862 2131 saepius
886 2044 1078 2129 appetunt.
1130 2032 1255 2106 Etiam
1273 2032 1341 2106 ali-

288 2146 434 2244 quando
466 2171 547 2243 quae
580 2147 700 2243 prima
734 2147 963 2244 experientia
991 2147 1148 2220 molesta
1178 2156 1278 2236 sunt,
1308 2148 1342 2219 si

287 2270 413 2333 tamen
429 2284 514 2333 rara
529 2272 595 2335 aut
611 2285 707 2335 nova
722 2261 874 2351 fuerint,
893 2260 1158 2334 consuetudine
1176 2259 1342 2334 reddun-

287 2384 350 2448 tur
359 2399 436 2448 non
446 2375 613 2463 molesta,
628 2385 667 2448 et
676 2374 976 2471 posteajucunda
987 2405 996 2458 ;
1009 2384 1155 2448 tantum
1164 2385 1291 2469 potest
1301 2373 1343 2446 in

288 2500 424 2562 natura
440 2487 679 2584 singularium
696 2488 889 2562 hominum
901 2486 1080 2560 mutanda
1097 2484 1342 2559 consuetudo.

78 2653 236 2700 ,onim
339 2611 376 2676 4.
404 2601 584 2674 Omnibus
617 2601 740 2689 rebuS,
775 2625 858 2697 quae
888 2611 1125 2695 appetuntur,
1156 2611 1343 2694 quatenus

70 2719 278 2844 ffiqguuffl·
290 2725 528 2812 appetuntur,
546 2739 682 2788 nomen
699 2739 894 2789 commuue
913 2724 968 2787 est
992 2714 1146 2798 bouum
1174 2727 1213 2787 et
1230 2716 1345 2788 rebus

200 2818 207 2838 '
273 2816 472 2917 'omnibus
487 2853 576 2924 quas
589 2828 762 2924 fugimus,
775 2827 921 2900 malum.
957 2828 1087 2923 Itaque
1102 2827 1232 2900 bouum
1245 2829 1343 2902 bene

292 2937 466 3016 definivit
481 2942 711 3028 Aristotelea,
737 2941 829 3014 illud
854 2940 1054 3038 essequod
1079 2966 1205 3014 omnes
1230 2967 1343 3039 appe-

290 3065 386 3128 tunt.
430 3053 504 3128 Sed
518 3079 603 3128 cum
617 3054 689 3127 alia
702 3054 764 3127 alii
778 3063 955 3150 appetant
969 3064 1007 3127 et
1019 3054 1175 3150 fugiant,
1190 3079 1344 3130 necesse

291 3180 349 3240 est
374 3168 493 3240 multa
509 3190 587 3240 esse
606 3192 687 3263 quae
710 3167 892 3264 aliquibus
920 3167 1015 3240 bono
1038 3167 1221 3263 aliquibus
1239 3171 1343 3245 mala

290 3290 397 3365 suut;
416 3291 458 3354 ut
475 3280 574 3377 quod
590 3282 696 3354 nobis
716 3280 844 3353 bonum
861 3281 1027 3354 hostibus
1044 3281 1190 3355 malum.
1246 3283 1345 3357 Sunt

291 3418 381 3491 ergo
406 3393 535 3468 bonum
553 3406 591 3468 et
615 3395 748 3468 malum
772 3395 1029 3491 appetentibus
1053 3410 1091 3467 et
1112 3395 1344 3492 fngientibus

292 3507 482 3580 correlata.
534 3507 680 3580 Bonum
705 3531 900 3580 commune
924 3531 1002 3580 esse
1025 3517 1158 3604 potest,
1182 3519 1221 3580 et
1241 3519 1343 3582 recte

292 3620 365 3696 dici
391 3619 437 3693 de
462 3644 503 3693 re
529 3620 663 3716 aliqua,
690 3619 929 3695 communiter
956 3619 1084 3692 bonum
1111 3630 1180 3709 ert,
1208 3620 1343 3710 idest,

291 3734 416 3807 multis
442 3733 545 3822 utile,
571 3734 630 3807 vel
656 3732 799 3807 civitati
824 3733 975 3805 bonum.
1026 3732 1148 3806 Etiam
1174 3734 1344 3808 erunibus

293 3846 421 3920 bouum
441 3845 514 3919 dici
532 3844 728 3942 aliquando
744 3855 879 3941 potest,
896 3856 940 3917 ut
958 3845 1004 3918 dc
1022 3845 1201 3930 sanitate;
1221 3848 1290 3920 sed
1307 3860 1345 3922 et

291 3959 371 4033 haec
389 3957 507 4032 oratio
532 3958 688 4032 relativa
713 3970 790 4031 est:
816 3958 939 4054 itaque
960 3956 1187 4056 simpliciter
1212 3959 1345 4035 honum

293 4072 366 4146 dici
384 4096 459 4147 nou
475 4082 620 4168 potest;
647 4096 733 4144 cum
750 4071 926 4168 quicquid
941 4073 1079 4145 bonum
1106 4084 1175 4161 est,
1202 4073 1345 4147 bonum

293 4185 340 4259 sit
357 4185 537 4282 aliquibus
554 4185 612 4258 vel
630 4185 750 4259 alicui.
787 4185 891 4260 Bona
908 4196 1014 4260 erant
1030 4187 1076 4260 ab
1092 4186 1200 4260 initio
1218 4189 1346 4263 omnia
