2834 4912
79 477 178 532 SEC'l'.
194 475 246 534 111.

93 556 236 663 *IL-⁴

88 697 176 748 Quibus
185 698 256 742 modis

88 763 142 806 civia
151 762 235 820 subjec-

87 827 146 870 tione
152 826 258 872 libaretur

276 257 351 334 248
679 273 911 336 rnraaron.

275 439 436 522 naturali
451 448 701 544 unusquisque
719 447 854 521 civium
879 464 954 521 suae
972 445 1244 522 conservationi
1261 466 1330 522 suo

277 561 469 657 providere
486 561 638 636 arbitrio
663 571 798 658 potest.
851 561 1034 651 Secundo,
1052 561 1083 635 si
1109 561 1240 635 civitas
1265 585 1329 634 ve-

277 673 375 748 nerit
390 673 430 746 in
446 684 668 770 potestatem
683 674 857 763 hostium,
876 674 930 748 ita
956 685 1000 748 nt
1022 674 1143 749 resisti
1170 675 1224 748 eis
1251 697 1328 748 non

259 788 406 888 possit,
437 786 656 884 intelligitur
684 787 726 878 is,
745 788 807 884 qui
834 787 936 884 prius
958 811 1135 860 summam
1164 788 1328 861 habebat

272 909 514 999 potestatem,
533 923 615 973 eam
638 901 717 998 jam
734 899 927 974 amississe.
980 900 1086 974 Cives
1111 901 1223 990 enim,
1241 925 1327 973 cum

276 1035 423 1086 omnem
453 1024 627 1086 conatum
659 1013 815 1087 fecerint
848 1037 895 1086 ne
930 1013 969 1087 in
1001 1037 1133 1087 manus
1163 1014 1327 1086 hostium

273 1125 456 1215 venirent,
474 1137 594 1221 pacta,
614 1150 697 1222 quae
725 1125 890 1199 inierunt
914 1126 1052 1223 singuli
1069 1150 1155 1199 cum
1172 1127 1326 1223 singulis

277 1239 323 1313 de
357 1238 567 1312 obedientia
594 1239 816 1336 praestanda,
851 1238 1111 1335 adimplerunt.
1162 1241 1213 1313 Et
1242 1263 1326 1337 quae

275 1352 511 1450 promiserint
534 1366 664 1448 postea
689 1352 789 1439 victi,
819 1352 920 1426 necis
944 1352 1106 1426 vitandae
1130 1377 1254 1440 cansa,
1284 1376 1326 1426 ea

277 1489 422 1562 quoque
438 1476 482 1537 ut
498 1474 675 1560 praestent
704 1465 805 1538 omni
832 1477 967 1538 conatu
986 1465 1231 1540 laborandum
1258 1477 1323 1539 est.

276 1580 414 1669 Tertio,
432 1577 472 1650 in
489 1576 720 1666 monarchia,
741 1577 843 1672 (nam
868 1577 967 1670 δῆμος
984 1580 1145 1651 etruria
1163 1578 1325 1677 optimo-

277 1702 354 1766 tam
371 1692 528 1766 deficere
554 1714 631 1765 non
647 1691 835 1786 possunt),
853 1691 885 1764 si
902 1715 1092 1765 successor
1105 1693 1230 1766 nullus
1247 1717 1323 1766 om-

277 1807 367 1880 nino
404 1814 591 1902 appareat,
635 1827 762 1877 omnes
801 1804 900 1876 cives
933 1804 1218 1901 obligationibus
1251 1807 1323 1878 suis

277 1917 491 1992 liberantur.
543 1917 663 1991 Nemo
681 1919 779 1991 enim
795 1917 914 1990 teneri
938 1917 1168 2015 intelligitur,
1186 1920 1251 2017 qui
1267 1920 1323 1992 cui

278 2041 426 2105 tenetur
447 2029 587 2114 nescit3
615 2031 701 2126 quia
726 2030 915 2127 praestatio
946 2031 985 2104 in
1016 2030 1082 2104 tali
1110 2055 1201 2104 casu
1230 2045 1323 2104 esset

277 2142 523 2239 impossibilis.
574 2143 699 2238 Atque
715 2143 773 2216 his
789 2143 908 2216 tribus
921 2143 1041 2217 modis
1058 2167 1081 2215 a
1097 2144 1321 2240 subjectione

278 2255 377 2329 civili
400 2256 440 2328 in
457 2254 667 2328 libertatem
685 2256 850 2329 omnium
866 2256 915 2330 ad
932 2256 1067 2346 omnia,
1084 2256 1158 2330 hoc
1176 2268 1244 2348 est,
1262 2282 1321 2330 na-

277 2368 435 2442 turalem
448 2379 486 2441 et
497 2368 708 2458 belluinam,
725 2369 827 2464 (nam
844 2379 961 2442 status
970 2382 1114 2443 naturae
1127 2368 1178 2442 ad
1190 2379 1321 2444 statum

278 2482 435 2571 civilem,
453 2481 524 2554 hoc
542 2491 608 2572 est,
623 2481 775 2556 libertas
791 2482 840 2556 ad
862 2482 1142 2579 subjectionem,
1161 2507 1245 2556 eam
1260 2483 1320 2555 ha-

278 2595 343 2669 bet
359 2595 645 2693 proportionem,
665 2620 774 2693 qnam
792 2596 975 2693 cupiditas
992 2597 1041 2670 ad
1057 2597 1252 2686 rationem,
1269 2595 1320 2668 vel

278 2709 402 2782 bellua
418 2709 467 2782 ad
478 2709 695 2804 hominem),
712 2711 820 2784 simul
832 2735 871 2784 se
884 2710 1068 2807 recipiunt
1082 2711 1207 2784 cuncti
1219 2712 1319 2784 cives.

281 2827 465 2899 Praeterea
493 2849 592 2913 vero,
623 2826 758 2923 singuli
792 2827 889 2901 cives
919 2827 1067 2901 liberari
1101 2828 1320 2923 subjectione

276 2940 360 3034 jure
375 2949 530 3035 possunt
559 2941 748 3014 voluntate
771 2942 861 3038 ejus,
878 2963 992 3038 penes
1010 2965 1119 3037 quem
1146 2963 1320 3015 summum

280 3060 337 3123 est
352 3051 570 3147 imperium;
595 3052 770 3126 nimirum
798 3054 828 3126 si
855 3054 973 3127 solnm
1001 3053 1204 3128 verterint:
1231 3051 1320 3149 quod

283 3162 425 3236 duobus
441 3163 560 3238 modis
577 3165 744 3240 accidere
767 3175 891 3262 potest
905 3197 914 3250 ;
941 3166 1000 3239 vel
1016 3167 1267 3262 permissione,
1282 3177 1320 3236 ot

283 3274 314 3349 si
332 3276 413 3372 quis
425 3278 533 3351 venia
548 3279 744 3375 impetrata
761 3279 833 3354 alio
850 3280 976 3353 volens
992 3279 1201 3353 habitatum
1224 3278 1318 3358 abit;

281 3389 465 3486 veljnssn,
478 3400 520 3462 ut
532 3391 651 3464 carui.
704 3393 872 3488 Utroque
884 3416 973 3466 casu
989 3393 1082 3466 liber
1100 3393 1169 3467 erit
1187 3392 1318 3489 legibus

282 3502 416 3598 prioris
433 3502 601 3594 civitatis,
613 3517 809 3602 propterea
819 3505 918 3601 quod
931 3505 1175 3612 obstringitur
1186 3505 1318 3602 legibus

283 3615 508 3713 posterioris
