2904 4916
307 321 361 372 na
381 320 522 374 naono
543 321 616 373 nar
636 321 717 374 nnn
735 321 955 375 aaronem.
1080 309 1145 376 341

105 488 154 561 sit
171 498 324 585 propter
341 489 539 585 quodcum
556 500 680 564 ament
698 502 762 564 aut
778 490 945 580 timeant,
965 490 1036 564 illis
1050 502 1152 565 certe
1182 521 1279 572 snei,
1294 522 1346 574 111,

104 612 161 675 est
178 613 356 699 tanquam
372 627 447 676 non
465 601 667 677 exsisteret.
721 603 913 694 Praeterea,
931 603 970 676 in
989 603 1152 676 attribu·
1192 598 1338 704 ᾧ

105 714 158 787 tis
188 739 272 812 quae
303 715 513 812 significant
543 715 838 814 magnitudinem
868 727 906 790 et
925 715 1150 814 potentiam,
1165 735 1274 787 ouum
1284 738 1330 782 aa

103 851 159 918 ea,
179 852 263 926 quae
287 829 433 902 finitum
456 851 521 902 seu
546 828 831 902 determinatum
848 828 1000 924 aliquod
1015 800 1351 925 εἰμίᾗ-ἷῖζήᾞώ

102 951 202 1032 cant,
228 941 380 1015 minime
405 943 512 1039 signa
538 965 617 1016 esse
646 943 760 1016 animi
784 941 1013 1017 honorantis.
1065 941 1152 1016 Non
1164 932 1276 978 “fibi“

102 1053 202 1128 enim
220 1054 341 1128 Deum
358 1053 469 1152 digne
485 1055 720 1146 honoramus,
736 1056 768 1130 si
784 1055 906 1129 minus
924 1055 957 1128 ei
972 1056 1152 1153 potentia

102 1178 168 1242 aut
205 1169 482 1266 magnitudinis
521 1169 757 1244 attribuimus
792 1194 902 1268 quam
944 1193 1149 1266 possumus.

102 1281 267 1356 Finitum
293 1291 417 1356 autem
442 1305 551 1357 omne
576 1283 698 1356 minus
724 1295 781 1358 est
805 1305 916 1378 quam
933 1306 1149 1379 possumus;

100 1396 208 1469 finito
223 1396 322 1468 enim
335 1398 452 1492 majus
468 1420 612 1492 semper
626 1396 804 1493 assignari
822 1406 860 1469 et
877 1396 1030 1469 attribui
1046 1395 1149 1470 facil-

100 1509 187 1580 lime
218 1519 353 1605 potest.
411 1507 497 1582 Non
528 1509 642 1605 igitur
671 1509 750 1582 Deo
780 1508 961 1583 tribueter
982 1509 1123 1606 figura
1134 1537 1149 1593 ;

100 1621 221 1695 omnis
249 1622 632 1720 enimfigorafiaita.
685 1623 816 1719 Neque
843 1622 987 1694 dicetur
1004 1621 1149 1718 concipi

99 1737 176 1809 sive
195 1735 459 1832 comprehendi
482 1736 756 1832 imaginatione,
774 1736 833 1810 vel
851 1759 1069 1834 quacunque
1094 1735 1148 1808 fa-

97 1849 237 1921 cultate
255 1849 387 1922 animae
404 1861 565 1930 nostrae;
593 1850 768 1946 quicquid
789 1849 888 1923 enim
906 1848 1145 1945 concipimus,

98 1963 247 2034 finitum
263 1974 330 2035 est.
364 1963 413 2035 Et
430 1987 651 2059 quamquam
668 1989 738 2036 vox
755 1965 847 2054 haec,
867 1961 1060 2056 infinitam,
1075 1962 1147 2058 sig-

98 2075 225 2148 nificet
243 2086 462 2172 conceptum
476 2075 600 2164 animi,
619 2099 693 2149 non
719 2085 844 2149 tamen
869 2075 1032 2171 requitur
1058 2097 1147 2146 con-

98 2200 249 2285 ceptum
267 2188 374 2261 nobis
395 2187 556 2284 aliquem
581 2211 661 2262 esse
684 2189 744 2261 rei
768 2189 934 2283 infinita.
987 2187 1147 2262 Quando

99 2302 198 2375 enim
216 2300 371 2374 dicimus
388 2301 526 2398 aliquid
548 2325 625 2374 esse
644 2301 840 2396 infinitam,
857 2325 933 2374 non
950 2299 1090 2396 aliquid
1106 2301 1146 2374 in

98 2439 137 2488 re
155 2414 417 2511 significamus
437 2414 501 2487 sed
518 2413 774 2511 impotentiam
791 2415 830 2487 in
853 2414 976 2487 animo
994 2425 1145 2500 nostro;

98 2538 277 2624 tanquam
296 2526 327 2600 si
344 2526 548 2600 diceremus
560 2526 702 2600 nescire
724 2550 803 2618 noe,
822 2551 870 2600 an
887 2539 926 2600 ct
941 2525 1005 2598 ubi
1022 2526 1147 2599 termi-

98 2651 221 2715 netur.
274 2640 405 2736 Neque
431 2639 504 2712 dici
530 2639 576 2712 de
601 2640 681 2713 Deo
698 2640 911 2730 honorifice,
930 2638 1032 2734 quod
1057 2639 1145 2711 idea

97 2757 180 2850 ejus
198 2754 321 2826 animo
338 2765 467 2826 nostro
485 2754 594 2838 insit;
623 2753 710 2826 ideo
728 2755 827 2827 enim
844 2763 1045 2849 conceptus
1063 2777 1146 2826 nos·

97 2879 157 2941 ter
170 2876 247 2951 est3
274 2878 475 2963 conceptus
488 2878 612 2941 autem
625 2865 696 2940 nisi
700 2866 813 2960 finiti
827 2891 901 2940 non
915 2878 982 2940 est.
1014 2867 1145 2960 Neque

98 2981 199 3078 quod
224 2981 358 3054 habeat
376 2989 528 3078 partes,
555 2993 620 3052 aut
646 2979 745 3076 quod
771 2980 819 3053 sit
842 2991 957 3053 totam
982 2978 1144 3074 aliquid;

97 3119 181 3190 quae
198 3093 378 3167 attributa
389 3093 742 3190 quoqueflnitorum
756 3105 854 3169 sunt.
899 3093 1029 3190 Neque
1043 3092 1145 3190 quod

96 3209 137 3280 in
156 3207 237 3279 loeo
256 3207 379 3304 aliquo
398 3207 467 3291 sit;
494 3205 533 3278 ia
551 3205 633 3278 loeo
651 3205 751 3278 enim
773 3230 849 3279 non
872 3217 938 3296 est,
955 3205 1028 3279 nisi
1046 3205 1147 3302 quod

96 3319 335 3416 undiquaque
339 3319 445 3414 flues
462 3329 500 3392 et
516 3318 693 3392 terminos
711 3318 845 3393 habeat
867 3317 1143 3415 magnitudinis.
1280 3395 1283 3400 A

97 3435 229 3530 Neque
259 3433 358 3531 quod
388 3443 578 3508 moneatur
609 3444 674 3506 aut
707 3431 908 3530 quiescat,·
945 3445 1145 3528 utrumque

96 3549 196 3622 enim
226 3547 402 3644 supponit
429 3570 512 3619 esse
539 3545 578 3619 ia
609 3545 702 3618 loeo.
756 3545 887 3642 Neque
916 3545 1039 3642 plures
1065 3569 1144 3618 esse

96 3663 217 3745 Deos;
245 3661 331 3757 qnia
347 3683 416 3733 nec
438 3659 545 3756 plura
560 3658 716 3732 infinita.
769 3659 895 3748 Porro,
914 3659 1013 3732 circa
1029 3657 1144 3730 attri-

97 3775 187 3848 buta
190 3773 420 3871 felicitatis,
438 3772 591 3869 indigna
616 3772 696 3845 Deo
723 3795 768 3846 ea
793 3795 872 3846 esse
899 3795 982 3868 quae
1005 3769 1142 3866 signifi-

95 3897 183 3963 cant
207 3886 373 3960 dolorem
401 3886 488 3980 (nisi
513 3885 778 3981 intelligantur,
804 3911 879 3960 non
905 3909 972 3983 pro
995 3885 1140 3974 affectu,

96 4001 161 4076 sed
177 4025 244 4099 per
259 4000 522 4097 metonymiam
533 4024 601 4096 pro
619 4000 767 4094 effectu)
789 3999 910 4095 qualia
923 4008 1009 4071 sunt
1015 3997 1140 4094 poerri-

96 4117 230 4205 teatio,
244 4113 318 4203 ira,
332 4112 623 4196 misericordio;
649 4111 708 4186 vel
725 4121 944 4210 egestatem,
962 4120 1005 4184 ut
1022 4133 1137 4208 appe-

95 4229 200 4318 titur,
228 4249 328 4323 spes,
360 4225 676 4322 concupiscentia,
708 4236 745 4297 et
776 4247 879 4296 aanor
910 4223 984 4313 ille,
1013 4224 1140 4320 quiet
