2912 4912
460 301 670 354 nnmrsrro
688 300 743 352 An
762 299 981 354 necrosns.
1211 283 1274 351 151

161 504 241 578 hec
264 503 356 600 qnid
377 515 474 601 agat,
488 506 566 602 jam
589 514 675 579 ante
691 504 830 579 dictum
851 515 918 578 est.
969 501 1061 578 Haec
1077 468 1280 577 dum'eoma

159 652 256 750 pleo,
266 653 408 744 ordino,
423 655 521 730 lente
537 669 752 753 morosoque
770 654 981 740 conscribot
1005 674 1080 728 non
1096 654 1194 728 enim
1205 652 1280 728 dis-

159 826 256 892 sero,
272 802 338 877 sed
354 811 547 900 computos
572 803 706 878 accidit
721 803 862 879 interea
876 804 1032 902 patriam
1047 825 1177 893 meam,
1193 811 1280 878 anto

143 975 277 1072 munos
302 953 442 1050 aliquot
457 977 567 1050 quam
582 954 718 1029 bellum
734 955 839 1030 civile
863 955 1125 1044 exardesceret,
1142 953 1280 1052 questi-

159 1101 292 1175 onibus
307 1101 449 1199 dejure
465 1102 607 1200 imperii
623 1113 662 1177 et
674 1102 796 1177 debita
812 1101 944 1176 civium
960 1100 1178 1192 obedientia,
1193 1101 1281 1176 belli

157 1252 358 1349 propinqui
383 1252 678 1349 praecmsoribus,
707 1231 918 1326 fervescere.
968 1250 1012 1324 ld
1039 1249 1139 1347 qnod
1165 1249 1280 1347 partis

158 1398 269 1495 hujus
295 1398 425 1490 tertiae,
438 1400 579 1476 ceteris
597 1401 729 1490 dssatis,
742 1398 967 1474 maturandae
979 1397 1279 1496 absolvenquue

158 1573 270 1624 cansa
285 1549 367 1624 fuit.
418 1551 547 1647 Itaque
572 1551 710 1626 factum
736 1560 792 1625 est
819 1561 966 1647 utque
993 1548 1120 1624 ordine
1149 1549 1280 1628 ultima

157 1707 265 1788 esset,
283 1709 447 1795 tempore
468 1709 592 1775 tamon
615 1700 716 1798 prior
740 1699 938 1797 prodierim
962 1698 1164 1795 presertim
1194 1721 1278 1774 enm

158 1861 239 1922 eam
264 1847 452 1944 principiis
478 1849 632 1946 propriis
665 1849 889 1946 experientia
922 1848 1078 1946 cognitis
1103 1845 1277 1937 innixam,

156 1996 446 2092 precedentibus
462 1997 625 2093 indigere
644 2021 719 2073 non
737 1998 908 2073 viderem.

206 2148 292 2222 Feci
308 2158 431 2222 tamen
446 2172 520 2222 non
544 2172 588 2223 eo
616 2149 765 2224 consilio
782 2160 825 2223 ut
844 2148 1032 2234 laudarem
1057 2169 1277 2245 quamquam

155 2294 186 2368 si
202 2257 381 2383 fecissem,
398 2295 629 2369 excrrsatione
644 2295 714 2369 hac
726 2294 781 2368 nti
796 2319 950 2392 possem,
966 2293 1037 2366 nisi
1054 2292 1117 2390 qni
1132 2290 1277 2392 laudem

155 2453 293 2535 amant,
318 2467 453 2538 paucos
475 2465 552 2518 esse
570 2445 632 2541 qni
660 2444 855 2518 laudabilia
879 2443 1043 2528 faciunt;
1079 2443 1143 2517 sed
1165 2441 1276 2516 vestri

156 2616 278 2684 owse,
296 2593 459 2684 lectores,
485 2594 648 2690 quicum
665 2594 867 2670 doctrinam
891 2617 1000 2692 qnam
1021 2593 1134 2668 affero
1150 2591 1275 2688 cogni-

155 2757 290 2818 temet
313 2755 541 2842 perspectam
557 2746 751 2836 haberetis,
779 2745 967 2843 sperabam
982 2742 1073 2828 fore,
1086 2753 1129 2816 ut
1154 2741 1280 2838 aliqna-

154 2892 388 2967 inoommoda
412 2892 452 2968 in
477 2917 519 2968 re
543 2893 723 2984 familiari,
749 2893 920 2991 quoniam
939 2914 997 2966 res
1013 2892 1181 2966 humane
1196 2889 1274 2964 sine

157 3043 389 3118 incommodo
406 3067 485 3118 esse
510 3067 585 3120 non
596 3057 758 3142 possunt,
779 3067 885 3140 aeqno
901 3040 1022 3116 animo
1039 3040 1147 3132 ferre,
1164 3055 1281 3137 qnam-

153 3195 364 3292 reipnbliem
379 3205 516 3270 statum
534 3194 742 3270 conturbari
759 3159 923 3268 malletis.
955 3191 1007 3266 Ut
1018 3190 1198 3288 justitiam
1213 3214 1279 3264 es-·

153 3361 381 3433 rnmrernm,
399 3366 489 3440 quas
504 3342 626 3418 faeere
641 3343 823 3442 cogitatis,
840 3362 915 3418 non
931 3363 1097 3418 sermone
1111 3341 1170 3416 vel
1187 3365 1274 3416 con-

153 3493 236 3568 sino
260 3467 505 3590 petreum,
524 3493 590 3568 ses
617 3493 757 3592 legibus
784 3492 942 3568 essetis
970 3493 1172 3582 mesenes,
1198 3515 1282 3570 non.

153 3643 310 3742 amplius
326 3644 502 3741 sangnine
518 3655 640 3720 vestro
657 3643 705 3720 ad
720 3667 823 3718 suam
838 3643 1039 3740 potentiam
1064 3640 1280 3718 ambitiosos·

152 3795 320 3870 homines
336 3795 437 3869 abuti
459 3795 685 3891 pateremini.
721 3795 773 3870 Ut
796 3803 894 3868 statu
908 3803 1097 3890 presente,
1111 3790 1181 3866 etsi
1197 3801 1282 3867 non·

154 3948 305 4044 optimo,
317 3969 384 4020 vos
400 3946 497 4042 ipsos
512 3945 596 4037 frui,
611 3969 719 4044 qnam
739 3944 841 4021 ‚bello
858 3944 1027 4030 excitato,
1043 3940 1146 4017 vobis
1161 3941 1272 4017 inter·

153 4098 257 4172 fectis
286 4097 346 4172 vel
374 4106 482 4172 etate
511 4095 720 4186 consumtis,
743 4095 833 4170 alios
858 4093 1025 4170 homines
1049 4092 1120 4168 alio
1148 4093 1278 4172 seculo

155 4259 290 4324 statum
298 4248 433 4324 habere
442 4245 740 4339 reformationem,
751 4245 862 4322 satius
871 4244 1063 4322 duceretis.
1080 4245 1269 4335 Praeterea,
