2896 4914
374 332 427 384 on
448 332 576 384 urana
595 333 778 402 vrsnsur,
799 331 887 384 nro.
1124 319 1147 382 9

109 501 160 572 vis
176 499 334 596 agentia,
352 523 496 596 semper
518 513 642 575 tamen
666 502 746 575 fieri
769 501 819 575 ad
844 499 1149 598 perpendiculum
1187 531 1285 584 sacr,
1301 533 1340 582 u.

109 613 303 687 resistenti.
356 614 485 710 Itaque
511 616 694 689 videbitur
719 616 792 689 liu
818 626 920 689 recta
937 615 973 688 N
984 615 1026 704 Ε,
1044 614 1148 710 cujus
1192 611 1334 716 ,ξύ

108 752 223 801 unum
240 737 419 824 punctum
442 730 473 800 E
498 740 555 802 est
578 741 746 802 centrum
767 729 906 819 retiuae,
929 728 1086 803 alterum
1112 727 1148 800 N
1179 755 1247 800 aaa
1255 755 1345 799 ausa

110 856 166 916 est
183 851 361 938 punctum
378 842 418 914 in
431 843 552 915 retina
568 841 617 916 ad
634 843 733 939 quod
746 842 933 916 derivatur
946 839 1148 915 irradiatio.
1176 821 1348 944 23:¹33*ssss

111 958 235 1031 Quare
251 955 327 1028 sive
344 955 442 1028 actio
460 955 596 1052 objecti
612 957 680 1030 visi
697 958 763 1029 fiat
785 955 1149 1052 perpendiculariter,
1177 957 1356 1074 ffffiffi·

110 1071 186 1142 sive
203 1067 361 1164 oblique,
380 1069 450 1141 erit
467 1069 565 1142 linea
582 1069 729 1144 visualis
747 1095 790 1143 ea
802 1080 904 1144 recta
918 1070 1022 1165 cujus
1034 1091 1150 1142 unum

109 1193 289 1279 punctum
307 1193 363 1255 est
379 1195 547 1256 centrum
564 1183 706 1273 retinae,
725 1184 883 1256 alterum
899 1196 957 1257 est
971 1193 1150 1279 punctum

110 1296 149 1368 in
183 1296 263 1392 ipsa
300 1295 421 1368 retina
453 1296 681 1370 irradiatum.
744 1297 855 1374 Quod
888 1308 967 1370 erat
1001 1295 1152 1370 demon-

112 1407 314 1481 strandum.

161 1521 413 1594 Corollarium.
449 1521 687 1602 Manifestum
698 1523 785 1598 hinc
799 1524 982 1599 estlineas
995 1521 1152 1596 visuales

112 1659 149 1708 sc
167 1646 298 1707 mutuo
312 1657 435 1707 secare
453 1659 580 1708 omnes
598 1636 636 1708 in
654 1648 783 1710 centro
800 1637 941 1710 retinre.

161 1748 232 1821 His
261 1748 418 1844 cognitis
446 1749 627 1822 rationem
656 1749 851 1824 reddemus
879 1750 1152 1846 phaenomenan

112 1864 186 1935 sive
205 1861 550 1956 experimentorum,
576 1885 659 1956 quae
677 1860 843 1958 plerique
860 1863 1101 1936 observarunt
1117 1871 1155 1936 et

113 1976 267 2072 quilibet
284 1975 477 2048 observare
489 1987 624 2070 potest,
640 1973 807 2048 duorum.
860 1977 1026 2052 Quorum
1039 1999 1155 2048 unum

113 2099 179 2177 cst,
215 2087 363 2184 quando
399 2087 529 2184 aliquis
564 2088 751 2184 objectum
781 2090 945 2164 intuetur
978 2089 1155 2162 ambobus

113 2201 242 2290 oculis,
261 2201 377 2274 altero
394 2201 613 2274 naturaliter
630 2225 670 2274 se
689 2201 860 2292 habente,
877 2203 994 2276 altero
1012 2203 1065 2275 ita
1081 2200 1156 2274 dis-

113 2327 214 2388 torto
231 2327 275 2388 ut
292 2316 369 2387 axis
387 2314 529 2411 opticus
551 2338 627 2388 uon
650 2314 792 2388 incidat
810 2316 849 2389 in
875 2317 1073 2412 objectum,
1091 2341 1155 2412 ap-

114 2429 262 2526 parebit
284 2428 468 2524 objectum
495 2429 534 2501 in
560 2427 703 2502 duobus
726 2428 839 2504 locis:
866 2430 1022 2503 alterum
1041 2443 1107 2518 est,
1126 2429 1157 2501 si

116 2543 198 2638 quis
217 2543 404 2637 objectum
422 2540 570 2642 aliquod
591 2541 769 2616 ambobus
793 2543 908 2616 oculis
934 2555 1076 2616 attente
1102 2543 1158 2616 in-

114 2665 275 2743 tueatur,
293 2653 394 2726 aliud
411 2654 598 2750 objectum
615 2654 804 2750 quodlibet
822 2657 898 2729 sive
914 2657 1065 2752 propius
1082 2655 1157 2728 sive

116 2769 294 2844 remotius
315 2767 440 2860 (modo
456 2767 639 2862 videatm)
661 2769 803 2842 duobus
819 2768 909 2843 locis
926 2769 1127 2866 apparebit.

166 2881 280 2957 Quod
308 2881 356 2953 ad
377 2881 644 2976 phaenomenon
667 2882 769 2977 prius
787 2883 929 2972 attinet,
947 2882 995 2955 sit
1008 2881 1159 2955 alterius

115 2996 216 3069 oculi
237 2995 292 3086 (iu
311 2995 371 3089 fig.
391 2995 430 3088 2)
451 3003 619 3067 centrum
646 2995 774 3069 retinae
792 2997 837 3086 A,
855 2995 1004 3069 alterius
1022 2995 1064 3068 Β.
1116 2997 1159 3068 ln

116 3135 185 3182 axe
203 3121 330 3182 autem
346 3109 470 3204 optico
488 3109 563 3181 AC
580 3109 699 3198 uniuS,
718 3110 765 3182 sit
787 3123 966 3206 punctum
982 3109 1100 3182 visum
1118 3109 1158 3182 C.

117 3224 249 3317 ltaque
267 3221 386 3306 oculo,
400 3223 504 3317 cujus
518 3223 645 3296 retinae
663 3233 830 3295 centrum
844 3233 899 3296 est
911 3225 955 3312 A,
971 3224 1160 3320 apparebit

115 3348 300 3432 punctum
328 3335 357 3408 Ο
385 3335 423 3407 in
452 3361 520 3408 axe
547 3336 689 3409 DAC:
727 3349 902 3433 appareat
930 3362 1017 3435 ergo
1045 3338 1084 3411 iu
1115 3337 1158 3409 C.

118 3449 260 3522 Radius
278 3461 403 3520 autem
423 3473 444 3522 a
464 3461 603 3546 puncto
624 3449 654 3522 C
671 3450 809 3523 incidat
831 3450 869 3523 in
897 3450 1053 3524 alterum
1074 3475 1161 3524 ocu-

117 3565 196 3635 lum
214 3562 363 3658 oblique
380 3562 419 3633 in
443 3575 582 3658 puncto
610 3563 660 3651 H,
686 3564 739 3636 ita
765 3572 808 3636 ut
834 3587 900 3660 per
922 3564 1161 3638 refractiones

118 3676 265 3749 debitas
295 3675 485 3770 perveniat
515 3675 563 3748 ad
590 3676 746 3749 retinam
776 3676 815 3749 in
847 3689 985 3772 puncto
1017 3678 1046 3751 l.
1098 3678 1161 3749 Vi-

119 3789 270 3862 debitur
293 3789 407 3883 igitur
428 3789 474 3861 ab
498 3790 615 3879 oculo,
639 3791 743 3884 cujus
770 3803 939 3864 centrum
962 3791 1088 3864 retinae
1107 3802 1163 3862 est

122 3905 166 3989 B,
189 3902 326 3975 alicubi
349 3903 388 3975 iu
414 3913 516 3976 recta
533 3905 549 3976 l
563 3903 593 3976 B
610 3903 801 3999 producta,
820 3904 858 3977 id
875 3917 942 3996 est,
961 3906 998 3977 in
1015 3904 1075 3977 via
1092 3904 1163 3976 dis-

123 4017 277 4089 tortioni
295 4015 392 4088 oculi
410 4017 605 4089 contraria.
633 4017 730 4089 Nam
747 4019 825 4091 sine
843 4018 1071 4108 distortione,
1086 4018 1164 4090 axis

121 4129 232 4218 oculi,
260 4127 363 4221 cujus
390 4140 556 4201 centrum
583 4129 712 4203 retinae
735 4140 790 4203 est
808 4131 850 4219 B,
869 4132 1109 4205 collocaretur
1128 4142 1164 4204 et

123 4243 333 4314 obverteret
350 4265 427 4313 sese
445 4242 660 4316 naturaliter
678 4244 723 4316 ad
743 4245 928 4338 objectum
941 4245 1059 4318 visum
1072 4246 1112 4334 C,
1127 4256 1164 4317 et
