2912 4912
471 317 523 368 nn
544 315 794 368 nummorum
1085 299 1153 378 127

103 494 264 557 ventura
290 494 389 574 aaut,
408 494 449 557 ut
474 483 583 584 abigi
614 509 709 582 opus
726 483 900 559 babeant.
953 485 1083 580 ltaque
1100 485 1153 558 sic
1193 499 1344 552 SET-1¹·

103 597 245 686 colunt,
257 607 301 669 ut
317 607 442 669 tamen
456 609 520 670 aut
533 597 579 670 de
590 597 771 694 sapientia
782 609 847 670 ant
861 598 907 671 de
923 597 1154 694 indulgentia
1194 579 1337 681 L

103 710 230 783 divina
244 734 391 806 semper
408 710 581 784 dubitare
593 711 800 786 rideantur.
852 713 976 807 Atque
992 712 1080 784 hinc
1097 723 1154 784 est
1166 723 1336 833 Culwffli·

102 823 205 919 quod
229 847 358 896 omnes
381 823 458 897 fere
491 824 676 914 mortales,
699 824 814 897 futuri
837 825 1013 920 temporis
1040 825 1151 915 anxii,
1165 803 1365 898 {diffusas

102 948 325 1010 convertant
354 961 393 1009 se
422 935 470 1010 ad
504 939 743 1034 prognostica
767 938 928 1034 plurium
961 961 1152 1034 generum,

103 1073 215 1143 quam
242 1062 287 1122 ut
312 1049 420 1122 facile
446 1051 589 1146 possint
623 1051 842 1124 enumerari.
895 1051 1152 1148 Prognostico-
1282 1059 1284 1066 ’

101 1185 186 1233 rum
205 1174 334 1234 autem
350 1163 501 1234 unicum
511 1186 629 1258 genus
643 1175 785 1236 certum
796 1176 865 1253 est,
879 1163 1065 1253 nimirum,
1081 1189 1154 1238 vox

101 1275 310 1371 prophetae,
337 1275 402 1348 sed
432 1287 556 1348 tamen
575 1277 606 1350 si
623 1275 804 1373 propheta
820 1277 882 1350 ille
898 1277 1028 1350 fecerit
1044 1278 1154 1352 mira-

103 1387 251 1471 culum;
278 1401 415 1462 caetera
438 1387 531 1462 falsa
557 1399 653 1462 sunt.
707 1390 819 1465 Quod
848 1391 1049 1486 astrologia
1065 1415 1153 1464 con-

102 1500 347 1596 templatione
372 1501 533 1574 siderum
551 1501 596 1574 de
613 1502 746 1576 firturis
773 1503 964 1576 eventibus
991 1503 1153 1578 fortuitis

98 1615 269 1709 judicare
286 1615 346 1687 vel
362 1614 402 1687 in
418 1616 593 1688 utramvis
610 1628 753 1713 partem
770 1619 1010 1714 pronuntiare
1028 1620 1151 1710 audet,

101 1751 178 1799 non
192 1727 360 1802 scientiae
378 1739 434 1801 est
448 1759 457 1811 ;
484 1729 550 1802 sed
565 1729 751 1825 fugienda
762 1731 937 1828 egestatis
951 1756 1073 1823 causa,
1084 1734 1152 1808 ho-

102 1841 212 1912 minis
236 1853 463 1937 stratagema
480 1856 548 1931 est,
570 1855 613 1916 ut
624 1843 790 1940 praedam
810 1842 953 1919 auferat
971 1871 993 1920 a
1015 1849 1152 1945 populo

103 1955 232 2026 stulto.
287 1955 391 2028 Idem
409 1957 642 2031 sentiendum
666 1969 722 2030 est
740 1957 785 2032 de
803 1958 859 2046 iis,
878 1959 941 2055 qui
963 1961 1064 2033 nullo
1081 1961 1152 2034 mi·

102 2069 230 2140 raculo
258 2068 359 2142 facto
387 2072 587 2167 prophetas
622 2095 662 2144 se
688 2095 769 2145 esse
804 2073 988 2147 simulant.
1042 2074 1153 2150 Quod

103 2181 348 2255 somniatores
366 2184 507 2257 somnia
520 2209 597 2275 sua,
613 2184 716 2257 nullo
731 2185 830 2258 edito
848 2185 1038 2276 miraculo,
1051 2187 1152 2262 futu-

102 2319 230 2367 rarum
246 2319 371 2369 rerum
389 2298 626 2393 prognostica
643 2321 722 2370 esse
739 2309 884 2395 putant,
904 2301 1062 2375 stultitia
1074 2314 1152 2384 est;

104 2409 204 2505 quod
222 2410 414 2504 postulant
438 2411 507 2484 sibi
529 2411 642 2500 credi,
665 2412 809 2486 insania
835 2424 915 2498 est3
943 2413 1043 2510 quod
1058 2439 1154 2510 prae-

104 2523 233 2597 dicunt
250 2536 390 2597 temere
408 2525 549 2598 civitati
562 2525 671 2615 mala,
683 2527 823 2599 crimen
836 2539 904 2600 est.
950 2528 1064 2603 Quod
1076 2552 1153 2600 ma-

102 2637 217 2709 leficae
252 2662 277 2709 a
313 2638 480 2732 plurimis
510 2637 710 2712 credantur
739 2662 872 2712 nocere
915 2639 986 2714 illis
1020 2641 1153 2736 quibus

102 2752 232 2825 volunt
258 2751 366 2842 male,
384 2775 512 2824 verum
535 2775 611 2825 non
630 2764 712 2837 est;
738 2752 805 2825 sed
831 2777 917 2826 cum
943 2754 1051 2842 mala,
1068 2777 1152 2849 quae

102 2867 366 2962 imprecantur,
385 2867 605 2961 contingunt
629 2877 672 2938 ut
696 2867 837 2957 volunt,
855 2881 946 2940 tunc
964 2866 1054 2962 ipsae
1077 2866 1152 2938 suis

103 2980 275 3074 precibus
293 2978 507 3067 adaemone,
520 3001 629 3074 quem
647 2980 833 3053 somniant
850 2979 1037 3054 sevidisse
1056 2981 1151 3075 ejus-

104 3117 173 3188 que
191 3115 346 3188 operam
367 3104 478 3188 pacto
497 3093 728 3183 conduxisse,
744 3094 842 3166 mala
868 3094 933 3168 illa
949 3094 1050 3168 facta
1073 3116 1152 3168 esse

104 3218 312 3293 autumant,
337 3217 375 3278 et
392 3217 570 3301 tanquam
595 3229 618 3278 a
645 3229 684 3277 se
701 3205 800 3278 facta
820 3206 1018 3303 aliquando
1037 3209 1151 3280 confi·

103 3329 239 3392 tentur.
294 3319 372 3391 Illae
396 3343 484 3414 ergo
499 3319 625 3392 futura
649 3343 725 3392 non
744 3319 877 3410 sciunt,
904 3320 970 3393 sed
987 3346 1071 3416 quae
1089 3347 1153 3418 op·

103 3441 192 3519 tant,
210 3433 339 3504 futura
352 3455 430 3504 esse
442 3444 602 3528 sperant.
629 3433 893 3523 Veruntamen,
908 3445 987 3506 tum
1000 3448 1154 3531 propter

103 3545 261 3618 nocendi
286 3545 528 3634 voluntatem,
548 3557 628 3618 tum
653 3545 766 3617 etiam
790 3557 944 3643 propter
969 3547 1152 3621 nefarium

104 3659 242 3732 cultum
256 3681 334 3730 non
356 3658 546 3752 immerito
557 3657 773 3754 puniuntur.
826 3661 1021 3751 Praeterea,
1039 3662 1152 3734 animi

103 3771 293 3867 praesagia,
312 3770 352 3842 id
369 3783 436 3858 est,
453 3781 574 3844 metus
606 3782 645 3844 et
671 3795 765 3867 spes,
784 3772 897 3846 etiam
923 3797 990 3848 sua
1018 3775 1151 3870 cuique

105 3886 243 3958 somnia
253 3909 321 3980 pro
338 3885 562 3982 propheticis
575 3885 704 3958 habita
716 3896 814 3958 sunt.
867 3887 962 3960 Item
974 3887 1151 3962 transitus

104 3998 224 4070 avium
242 3998 418 4071 fortuitus
433 4000 628 4094 augurium
645 4009 737 4072 erat.
766 4001 954 4073 Intestinis
967 3999 1151 4097 pecudum

105 4109 298 4184 inhiabant
321 4110 487 4186 homines
513 4124 556 4186 ut
582 4113 708 4186 futura
724 4113 967 4210 praedicturis.
1028 4115 1151 4187 Verba

106 4224 180 4296 sine
197 4225 404 4298 intentione
418 4225 601 4322 loquentis
623 4227 738 4300 futuri
754 4227 878 4300 omina
893 4226 1148 4302 credebantur.
