2834 4912
297 270 371 336 238
711 286 941 340 ruinarum.

102 481 197 532 sacr.
213 483 264 534 m.
347 463 382 524 4.
411 452 505 526 Sunt
522 453 585 550 qui
602 455 849 528 necessarium
867 453 1017 552 quidem
1034 477 1113 528 esse
1137 463 1285 552 putant,
1302 467 1337 527 ut

111 557 254 664 „L
296 590 470 640 calamam
493 567 690 665 imperium
708 567 843 642 alicubi
861 568 900 641 iu
925 568 1074 642 civitate
1091 567 1250 652 existat;
1279 567 1336 640 sed

99 699 258 777 noncupato
297 677 328 752 si
349 677 440 752 illud
469 701 582 776 penes
600 705 707 754 auam
725 690 832 770 esset,
860 679 935 755 sive
958 680 1137 754 homiaem
1156 681 1233 754 sive
1252 705 1332 754 ooa-

98 767 283 888 iiiiiimp
296 791 435 883 ailiam,
464 803 690 887 sequeretur,
734 793 917 890 inquiunt,
954 793 1051 866 cives
1093 817 1223 866 omues
1262 817 1335 868 esse

98 893 254 940 mm*
295 929 430 979 servae.
483 907 593 1006 Hauc
623 906 873 981 conditionem
903 905 1097 1004 fugientes,
1121 931 1230 1004 posse
1263 929 1334 980 esse

296 1029 433 1091 statum
460 1019 644 1115 quendam
663 1019 821 1094 civitatis
847 1021 1085 1110 arbitrantur,
1111 1018 1270 1094 mixtum
1294 1045 1333 1093 ex

296 1129 405 1205 dictis
430 1133 546 1206 tribus
564 1133 767 1230 speciebuS,
787 1133 971 1208 diversum
989 1143 1114 1206 tamen
1134 1156 1158 1206 a
1175 1133 1332 1229 singulis,

296 1268 408 1340 quam
443 1244 598 1319 mixtam
630 1256 766 1320 vocant
799 1245 1063 1334 monarchiam,
1098 1245 1157 1318 vel
1184 1247 1332 1318 miataa

295 1357 594 1444 ariatooratiam
606 1357 665 1432 vel
682 1359 837 1432 alatam
850 1357 1131 1448 democratiam,
1145 1368 1259 1454 prout
1272 1359 1330 1431 ali·

295 1493 369 1564 qua
379 1471 492 1544 trium
502 1471 706 1568 specierum
724 1495 802 1568 pree
818 1471 962 1546 ceteris
973 1471 1142 1544 emineat.
1171 1471 1331 1568 Exempli

295 1606 417 1674 causa,
448 1584 479 1658 si
512 1585 716 1660 nominatio
741 1585 1035 1683 magistratuum,
1071 1595 1109 1657 et
1143 1582 1329 1658 arbitrium

294 1695 382 1771 belli
413 1707 451 1771 et
484 1696 597 1795 pacis,
626 1721 738 1796 penes
768 1722 899 1797 regem
932 1707 1039 1786 esset,
1070 1695 1213 1792 judicia
1241 1697 1331 1794 apud

293 1820 505 1908 magnale-t,
523 1811 762 1908 pecuniarum
773 1811 998 1886 contributio
1015 1832 1128 1907 penes
1138 1809 1328 1908 papalum,

292 1932 331 1996 et
347 1923 471 2019 legum
489 1923 724 1998 serendarum
741 1923 910 2021 potentia
925 1945 1038 2021 penes
1061 1946 1186 1996 amaea
1204 1923 1327 2002 simul:

293 2035 504 2132 hujusmodi
526 2046 663 2110 statum
691 2047 867 2112 vocarent
896 2035 1150 2110 monarchiam
1168 2035 1326 2110 miolano.

294 2148 405 2223 Quod
423 2149 455 2222 si
471 2151 551 2224 fieri
568 2162 703 2246 posset,
720 2160 764 2223 ut
786 2149 998 2247 hujusmodi
1016 2159 1133 2222 status
1150 2149 1326 2238 existeret,

287 2260 407 2344 ‚nihilo
451 2263 568 2360 magis
603 2263 737 2337 civium
777 2263 938 2337 libertati
984 2261 1194 2336 consultum
1229 2275 1325 2336 esset.
1404 2283 1405 2318 l

294 2372 482 2449 Quamdiu
495 2377 593 2450 enim
611 2401 737 2451 omnes
755 2377 991 2451 consentiunt
1007 2375 1104 2449 inter
1123 2399 1174 2466 se,
1194 2377 1326 2472 subjec-

292 2485 344 2559 tio
362 2487 588 2585 singulorum
606 2489 740 2563 civium
757 2499 863 2564 tauta
888 2502 955 2578 est,
969 2499 1010 2562 ut
1027 2489 1147 2585 major
1164 2511 1328 2562 essenon

291 2599 431 2696 possit;
464 2601 528 2675 sed
546 2601 576 2676 si
599 2600 830 2692 dissentiant,
848 2602 986 2676 bellum
1003 2601 1109 2675 civile
1136 2600 1326 2688 reducitur,

292 2723 330 2786 et
349 2714 410 2810 jus
428 2713 560 2814 gladii
584 2714 744 2813 privati,
764 2716 864 2811 quod
894 2725 951 2789 est
977 2714 1077 2788 omni
1107 2715 1326 2811 subjectione

289 2829 405 2923 pejus.
450 2826 524 2902 Sed
540 2827 621 2901 fieri
637 2826 848 2925 hujusmodi
874 2826 1017 2923 imperii
1042 2827 1212 2901 summi*
1243 2827 1326 2902 divi·
1403 2869 1404 2914 ,

291 2941 432 3014 sionem
457 2965 531 3015 uon
557 2963 675 3038 posse,
707 2941 794 3014 sotis
822 2940 1114 3014 demonstratum
1136 2953 1192 3015 est
1216 2941 1325 3038 capite
1403 2917 1404 2988 l

290 3054 533 3150 praecedente,
550 3055 713 3129 articulis
725 3063 760 3146 6,
780 3058 814 3147 7,
834 3063 869 3146 8,
888 3065 923 3144 9,
945 3063 1001 3145 10,
1023 3062 1080 3146 11,
1101 3064 1156 3131 12.

329 3233 346 3266 *
356 3226 413 3286 Sed
415 3227 484 3304 fieri
497 3227 657 3307 bajaamodi
670 3230 772 3288 mmai
785 3229 900 3310 imperii
909 3228 1074 3288 divisionem
1087 3249 1145 3288 aaa
1159 3250 1247 3310 porte,
1261 3231 1321 3308 qa]

290 3317 447 3396 Imperium
469 3321 557 3379 dividi
581 3341 638 3380 uon
660 3329 802 3400 oportere,
816 3322 946 3399 plerique
960 3321 1079 3393 dicuut;
1099 3321 1149 3379 aed
1170 3323 1323 3400 temperari,

290 3419 320 3470 et
332 3413 422 3472 limita
435 3413 531 3493 aliquo
546 3416 685 3474 contineri
699 3416 808 3474 volunt
849 3414 894 3473 lta
914 3433 982 3472 saue
997 3433 1112 3490 aequuru
1125 3423 1178 3474 eet.
1220 3414 1274 3474 Sed
1288 3413 1323 3470 illl

289 3513 351 3563 tum
367 3524 433 3564 oum
446 3507 598 3582 temperari
612 3515 641 3565 et
653 3507 770 3565 limitari
784 3507 893 3578 dicunt,
913 3507 936 3565 ol
950 3505 1039 3565 dividi
1053 3505 1225 3584 intelligunt,
1236 3507 1324 3580 inepte
1402 3503 1403 3552 l

289 3597 478 3674 distinguunt.
517 3597 628 3657 Vellem
650 3597 767 3675 quidem
788 3615 843 3675 ego
867 3615 925 3656 nou
948 3598 1034 3655 modo
1061 3615 1152 3674 reges,
1176 3597 1227 3656 aed
1244 3596 1323 3655 etiam

289 3700 381 3749 ooetuo
394 3689 465 3760 illos,
486 3691 537 3769 qui
550 3699 617 3748 suut
630 3709 696 3750 cum
717 3691 838 3766 imperio
851 3707 971 3758 summo,
986 3689 1058 3747 velle
1072 3695 1232 3764 temperare
1244 3688 1294 3747 eibi
1307 3705 1322 3743 a

289 3781 438 3846 maleficio.
453 3783 669 3860 cogitantesque
682 3782 718 3840 de
732 3781 832 3840 officiii
846 3781 904 3839 cuia
917 3780 992 3839 iutra
1005 3781 1102 3857 legum
1115 3781 1283 3840 naturalium
1296 3787 1322 3835 et

288 3875 451 3934 divinarum
473 3875 577 3933 limites
597 3893 627 3933 oe
647 3875 724 3952 ipsos
746 3875 903 3932 continere.
953 3873 996 3931 At
1019 3873 1071 3940 illi,
1094 3873 1145 3950 qui
1167 3873 1208 3931 oio
1231 3871 1321 3930 duun-

288 3975 391 4045 guunt
404 3985 530 4027 summos
552 3967 725 4043 imperantes
746 3967 783 4024 ab
803 3967 865 4025 aliie
885 3965 1002 4024 limitari
1020 3973 1049 4024 et
1070 3965 1198 4024 coerceri
1213 3964 1320 4022 volunt:

288 4059 367 4136 quod
380 4061 449 4136 quia
461 4059 523 4117 fieri
534 4077 590 4117 nou
604 4065 707 4135 potest,
718 4059 788 4136 quin
809 4055 849 4115 illi
868 4058 1035 4116 limitatores
1053 4058 1203 4135 petenatis
1215 4063 1318 4135 partem
1401 4105 1402 4117 ,

287 4149 421 4226 aliquam,
443 4149 549 4227 quaid
570 4147 664 4208 lacere
685 4149 803 4225 possint,
824 4147 1073 4216 haberedebeant,
1087 4147 1226 4207 dividitur
1239 4147 1319 4222 impe·

287 4241 371 4308 mum,
386 4258 442 4298 non
457 4247 641 4316 temperatur.
