2848 4908
319 259 390 328 ³³4
745 273 932 332 unuroro.

120 465 217 518 5555.
232 469 285 521 111.
316 444 531 543 omnesqui
558 441 720 518 divinum
746 451 953 541 agnoscunt
979 443 1199 541 potentiam,
1216 459 1360 544 propter

130 545 275 656 ,ἐξ
315 567 486 632 naturam
502 558 719 633 rationalem
744 557 914 632 omnibns
941 581 1195 632 communem:
1223 571 1262 634 et
1270 585 1359 660 pro

308 671 515 771 photinum,
531 673 571 748 in
589 697 662 772 quo
678 673 777 771 regit
792 671 904 747 etium
919 696 987 771 per
1003 671 1153 750 uerbum
1162 673 1359 774 propheti-

316 809 428 872 cum
472 787 573 886 quod
601 787 787 887 peculiare
821 799 890 880 555,
923 799 1122 886 propterea
1157 787 1259 886 quod
1290 813 1361 864 non

316 901 486 978 omnibus
504 901 608 980 dedit
623 903 724 1002 leges
734 903 925 1001 positivus,
939 901 1006 978 sed
1021 901 1158 1002 populo
1174 903 1360 1000 peculim,

314 1025 354 1090 et
371 1016 482 1092 uentis
499 1017 719 1114 quibusdum
734 1017 943 1092 hominibus
961 1042 984 1091 5
1000 1041 1039 1092 55
1064 1017 1203 1091 5155515.

101 1137 288 1250 serapionem
366 1137 401 1204 5.
430 1127 476 1204 15
492 1151 613 1230 regno
629 1129 813 1222 naturali,
840 1128 1021 1228 regnandi
1038 1141 1076 1204 et
1091 1129 1275 1229 puniendi
1292 1153 1360 1220 eos,

101 1203 169 1314 1⁰⁰0ss
134 1210 292 1330 55ὶῖζοῖῃῖ
315 1265 378 1338 qur
367 1243 496 1342 leges
522 1267 605 1320 suus
621 1245 812 1337 violent,
798 1267 860 1342 555
877 1246 958 1320 Deo
975 1255 1032 1320 555
1049 1269 1073 1320 5
1098 1245 1177 1320 5515
1186 1247 1361 1345 potentia

100 1333 154 1392 ⁰³⁰⁸·
314 1353 565 1432 irresistibili.
617 1359 685 1434 Jns
702 1359 801 1434 enim
818 1381 928 1434 omne
945 1359 986 1435 in
1002 1358 1092 1434 ulios
1112 1359 1169 1432 vel
1184 1381 1209 1432 5
1224 1367 1361 1434 natm

313 1481 382 1562 eet,
399 1472 459 1547 vel
474 1493 498 1547 5
506 1482 639 1574 poeto.
693 1472 925 1550 Quomodo
912 1497 973 1570 Jus
989 1470 1170 1571 regnandi
1186 1483 1361 1572 expecto

313 1586 444 1678 oritur,
462 1597 650 1663 ostensum
663 1599 720 1663 est
732 1589 854 1687 cupite
871 1599 988 1662 sexto.
1030 1589 1067 1663 A
1082 1595 1223 1662 nutura
1240 1597 1360 1660 auten

311 1699 411 1774 idem
437 1701 499 1798 jus
522 1699 721 1790 derivatur,
739 1723 782 1775 eo
809 1701 888 1798 ipso
906 1700 1006 1798 quod
1029 1711 1203 1775 enatura
1219 1701 1359 1774 nonsit

312 1813 511 1890 subletum.
564 1813 658 1889 Cum
675 1813 774 1890 enim
783 1837 851 1912 per
866 1826 1038 1890 notorum
1052 1815 1113 1910 jus
1131 1824 1229 1888 esset
1245 1813 1361 1888 omni-

311 1927 381 2001 bus
397 1928 438 2002 in
454 1927 591 2020 omniu,
604 1925 803 2027 uniotrique
820 1938 901 2004 erat
913 1930 975 2025 jus
991 1929 1031 2002 in
1041 1951 1169 2003 omnes
1182 1929 1360 2024 regnnndi

311 2041 383 2138 ipsi
409 2053 555 2118 5555555
582 2065 760 2118 55555555.
813 2043 934 2118 Consu
961 2053 1097 2136 entem,
1124 2065 1240 2140 quare
1268 2041 1361 2116 inter

310 2155 479 2230 homines
507 2155 548 2231 id
569 2155 750 2232 obolitum
775 2153 899 2249 inerit,
917 2156 990 2232 eliu
1012 2178 1088 2231 non
1118 2167 1200 2230 erat
1228 2167 1362 2254 preter

311 2280 483 2344 mutuum
499 2281 651 2364 metum,
674 2283 718 2346 55
743 2293 853 2369 supro
876 2271 998 2369 cupite
1012 2270 1190 2363 seeundo,
1206 2271 1360 2346 articulo

298 2381 427 2475 tertio,
444 2393 634 2460 ostensum
648 2397 705 2462 est
722 2415 733 2473 3
760 2385 926 2462 dictante
940 2387 1082 2462 55111555
1094 2385 1240 2461 ratione
1256 2385 1360 2460 (1555

311 2498 474 2574 dendum
501 2523 581 2576 5555
608 2523 632 2576 5
656 2502 740 2598 jure
769 2501 833 2576 illo
860 2511 1013 2600 propter
1046 2499 1358 2576 conservationem

310 2613 462 2690 humani
478 2615 625 2714 generis
640 2647 650 2702 ;
677 2615 764 2713 quio
780 2615 1030 2713 aeqnulitntem
1056 2615 1250 2690 hominnm
1267 2615 1360 2688 inter

310 2749 350 2804 se
373 2730 495 2828 quood
523 2731 619 2806 vires
648 2741 688 2804 et
719 2731 905 2828 potentias
937 2730 1127 2806 naturales
1155 2729 1360 2805 neoessnio

311 2841 605 2942 consequebatur
631 2843 793 2931 bellum
831 2865 916 2920 oum
941 2843 1039 2920 bello
1066 2853 1190 2919 autern
1216 2843 1359 2942 generis

309 2959 462 3034 hnmani
491 2955 675 3056 pernicies
705 2959 905 3056 conjuncte
938 2969 1006 3032 555.
1071 2956 1184 3034 Quod
1219 2957 1358 3055 siquis

310 3081 465 3148 uaeteros
494 3073 664 3172 potentio
688 3071 728 3148 in
744 3083 891 3148 tuntum
908 3069 1094 3164 anteisset,
1120 3081 1165 3144 nt
1190 3069 1359 3146 resistere

309 3185 345 3261 ei
361 3209 409 3260 55
436 3209 564 3261 omnes
582 3185 731 3285 quidem
757 3185 964 3284 oonjnnotis
979 3181 1119 3260 viribus
1139 3185 1357 3283 potuissent,

308 3299 416 3390 ratio,
434 3322 549 3398 qnare
568 3298 711 3397 dejure
729 3299 799 3375 sibi
816 3311 990 3376 enatura
1012 3321 1189 3374 concesso
1203 3298 1358 3374 decede-

308 3424 378 3503 ret,
396 3410 498 3487 55115
515 3414 665 3488 omnino
680 3413 822 3489 fuisset.
878 3413 1076 3489 Mansisset
1085 3413 1202 3512 igitur
1214 3413 1284 3512 ipsi
1298 3417 1357 3512 jin

309 3527 462 3602 dominii
478 3527 518 3601 in
541 3537 696 3603 oaeteros
716 3550 844 3603 omnes
860 3541 1013 3627 propter
1031 3527 1212 3626 potentio
1233 3549 1356 3604 exues-

308 3663 400 3734 sum,
419 3653 548 3740 quaet
570 3665 609 3716 55
637 3653 675 3718 55
702 3643 786 3720 illos
813 3665 1032 3719 conservare
1060 3643 1254 3741 potuisset,
1307 3643 1356 3716 lis

306 3757 433 3855 igitur,
452 3779 610 3855 quornm
639 3757 816 3855 potentie
832 3756 955 3832 resisti
972 3779 1049 3832 non
1074 3767 1211 3854 potest,
1236 3767 1274 3830 et
1290 3779 1356 3854 per

307 3895 534 3970 consequens
551 3871 631 3946 Deo
642 3871 897 3977 omnipotenti,
911 3874 973 3969 jus
991 3870 1206 3946 dominandi
1218 3871 1265 3946 ub
1276 3868 1356 3968 ipsu

299 3986 478 4084 potentia
491 3984 689 4060 derivatur.
742 3987 790 4061 Et
807 3987 1098 4084 quotiescunque
1111 3985 1214 4062 Deus
1224 4009 1352 4083 peuen-

222 4181 225 4189 ,
305 4107 425 4174 torem
448 4099 557 4198 punit
582 4101 642 4175 vel
669 4101 781 4176 etium
811 4101 1000 4194 interficit,
1017 4101 1085 4174 etsi
1112 4099 1198 4175 ideo
1224 4099 1353 4198 puniet

306 4213 393 4310 quia
418 4223 647 4312 peceaverat,
665 4239 740 4290 non
757 4227 883 4291 tumen
900 4214 1097 4291 dicendum
1120 4225 1270 4290 estnon
1286 4237 1352 4310 po-

305 4327 420 4402 551555
432 4327 1351 4429 555555555355555511555555155155555515555,
