2912 4912
192 271 261 342 140
513 287 712 340 urrsronn
732 285 1028 340 nuorcnroarn.

187 493 298 567 litora
311 493 524 567 accederem
539 503 618 566 tum
632 491 803 589 scopulis,
815 503 894 566 tum
904 487 1147 587 praesentibus
1159 487 1322 585 procellis

186 644 401 740 periculosa.
456 644 644 727 Quantum
666 643 800 718 laboris
822 641 1096 738 diligentiaeque
1119 639 1158 712 in
1174 638 1322 712 veritate

187 793 441 890 investiganda
450 794 655 868 adhibitum
669 792 729 882 sit,
744 793 834 866 scio,
878 790 977 874 Quid
988 790 1170 864 effecerim
1185 789 1320 863 nescio:

183 965 273 1014 nam
290 941 440 1014 inventa
456 951 581 1014 nostra
598 963 724 1013 omnes
740 963 816 1036 prae
835 961 957 1011 amore
974 937 1095 1011 minus
1113 947 1214 1010 recte
1232 936 1322 1010 aesti-

188 1115 342 1165 mamus,
394 1093 522 1188 ltaque
543 1091 705 1165 libellum
730 1090 830 1164 hunc
855 1112 1020 1163 censurae
1045 1099 1120 1162 tuae
1143 1111 1253 1184 quam
1273 1087 1322 1160 fa·

187 1242 266 1315 vori
282 1242 383 1338 prius
401 1243 525 1330 offero,
537 1252 580 1315 ut
596 1240 695 1336 apud
709 1263 817 1336 quern
831 1239 1045 1313 certissimis
1068 1236 1324 1334 experimentis

187 1389 417 1485 exploratum
446 1389 612 1477 habeam,
645 1371 834 1485 opiniones
863 1411 981 1484 neque
1017 1386 1232 1461 celebritate
1263 1409 1326 1459 au·

188 1539 347 1629 thorum,
365 1562 483 1636 neque
499 1540 663 1614 novitate
681 1563 757 1630 sua,
784 1562 903 1650 neque
921 1539 1042 1635 specie
1059 1537 1249 1627 orationis,
1264 1537 1327 1610 sed

187 1687 413 1762 firmitudine
430 1689 613 1763 rationum
640 1688 858 1764 favorabiles
882 1689 974 1761 fieri.
1027 1687 1067 1761 Si
1092 1686 1267 1774 arrideat,
1291 1685 1329 1760 id

104 1875 111 1888 1
188 1850 255 1929 est,
270 1839 300 1912 si
313 1863 499 1930 nervosus
518 1840 548 1913 si
561 1839 674 1929 utilis,
686 1840 717 1912 si
733 1863 809 1913 non
825 1839 987 1936 vulgaris
1004 1837 1065 1926 sit,
1082 1848 1164 1911 tum
1181 1837 1328 1910 demum

185 2013 273 2063 eum
290 1990 370 2080 tibi,
397 1989 700 2064 excellentissime
717 1990 887 2080 Domine,
913 1988 1125 2086 praesidium
1140 1963 1191 2061 ⁸et
1215 1987 1328 2062 decus

186 2165 322 2231 meum,
335 2139 536 2214 humillime
552 2140 634 2214 dico
650 2139 875 2236 dedicoque;
894 2139 951 2212 sin
968 2138 1178 2228 erraverim,
1197 2149 1328 2212 testem
1443 2131 1448 2193 ἑ

188 2301 312 2364 tamen
322 2290 434 2363 habes
445 2289 679 2386 gratitudinis
695 2314 800 2381 meae,
815 2289 914 2387 quod
926 2289 1056 2377 otium,
1070 2288 1252 2361 beneficio
1265 2297 1328 2362 tuo

186 2462 414 2529 concessum,
433 2439 481 2512 ad
496 2439 652 2536 gratiam
666 2452 769 2514 tuam
778 2437 1057 2537 promerendam
1070 2439 1125 2512 uti
1138 2439 1327 2512 voluerim.
1445 2431 1448 2479 ¹

188 2589 241 2663 Te
257 2588 533 2686 Deusoptimus
545 2590 726 2663 maximus
742 2590 781 2663 in
799 2590 955 2663 statione
968 2589 1037 2662 hac
1050 2588 1198 2662 mortali
1211 2588 1327 2662 civem
1447 2641 1448 2668 r

185 2742 368 2839 optimum
384 2752 565 2838 protegat,
592 2764 706 2838 eaque
723 2752 882 2838 peracta,
901 2740 966 2814 sed
989 2739 1214 2835 longissima,
1243 2739 1329 2814 civi-

188 2894 277 2968 tatis
295 2892 451 2966 coelestis
468 2890 585 2988 gloria
602 2903 765 2965 coronet.

502 3059 736 3134 Excellentiae
754 3071 828 3134 tuae
846 3082 972 3132 servus
988 3057 1226 3148 humillimus,

912 3209 1086 3282 'raonis
1117 3209 1323 3282 Honores.

68 3329 70 3336 ’
187 3339 367 3428 Parisiis,
395 3340 489 3414 Noa
514 3351 542 3430 r,
572 3350 677 3416 1646.
