2896 4914
321 307 369 377 58
471 353 475 364 -
705 327 759 378 nn
781 325 963 380 nonrnn.

127 519 225 575 aroc,
240 521 279 577 11.
317 489 565 590 pendiculum,
584 505 693 566 erunt
717 495 863 568 reflexae
889 515 1015 567 carum
1039 493 1079 566 in
1105 491 1233 566 eadam
1256 505 1356 570 recta
1435 525 1436 560 r

109 599 275 710 ,Λή
319 607 409 680 BD.
460 606 655 680 Videbitur
680 629 769 704 ergo
795 609 979 703 objectum
1005 607 1255 704 punctualeD
1277 608 1356 704 (per

317 721 512 796 articulum
529 722 570 815 6)
589 720 722 826 inipso
740 733 868 794 centro
882 721 928 810 D,
943 720 1052 796 modo
1070 731 1250 816 punctum
1267 721 1356 794 illud
1435 737 1436 804 j

317 847 483 912 sumatur
515 853 583 932 pro
618 848 756 932 puncto
794 835 958 932 physico,
992 844 1035 908 ut
1067 833 1185 908 videri
1227 837 1353 930 possit.
1435 885 1438 922 κ,

317 949 460 1026 Puncta
486 949 585 1022 enim
611 949 870 1024 mathematica
903 949 1003 1023 nullo
1033 945 1144 1021 modo
1173 948 1356 1023 sensibilia

317 1073 415 1154 sunt,
443 1061 508 1136 sed
542 1073 688 1136 tantum
718 1063 896 1136 doctrinae
926 1083 1035 1134 causa
1066 1059 1354 1136 considerabilia
1437 1061 1438 1104 ³

317 1175 501 1250 Punctum
518 1193 606 1273 ergo
623 1172 758 1271 objecti
775 1187 955 1271 quatenus
972 1173 1090 1249 videri
1106 1185 1242 1270 potest,
1260 1176 1356 1271 posi-

316 1299 397 1362 tum
413 1290 453 1362 in
471 1299 599 1363 centro
616 1286 765 1385 speculi,
783 1285 920 1360 ibidem
943 1310 1089 1384 quoquc
1116 1299 1271 1383 apparet
1292 1313 1356 1385 per

312 1403 579 1477 reflectionem.
623 1402 791 1476 Addatur
804 1404 882 1498 jam
895 1402 1039 1498 objecto
1051 1400 1283 1498 magnitudO,
1298 1425 1356 1476 ea—
1437 1379 1438 1408 ¹

316 1541 388 1614 que
405 1543 450 1592 ex
467 1528 623 1613 utraque
648 1525 753 1613 parte
779 1517 897 1590 centri
923 1516 1084 1612 aequaliS,
1102 1527 1144 1589 ut
1170 1516 1357 1612 objectum
1437 1571 1438 1582 ,

315 1633 364 1706 sit
389 1633 478 1722 KL,
497 1640 535 1704 et
560 1655 583 1704 a
606 1631 756 1727 punctis
776 1630 810 1702 K
840 1640 878 1702 et
909 1630 939 1702 L
963 1627 1083 1701 ductis
1109 1629 1356 1704 incidentibus

316 1745 416 1836 ΚΜ,
435 1746 524 1832 LN,
544 1761 698 1841 quarum
720 1744 866 1817 reflexae
889 1743 965 1816 sint
979 1743 1020 1814 M
1032 1743 1074 1832 ll,
1093 1742 1129 1815 N
1143 1743 1186 1832 E,
1201 1745 1357 1839 junctis·

315 1883 387 1956 que
415 1859 505 1950 ΒΚ,
526 1859 609 1948 BL,
639 1851 795 1932 visuales
824 1852 921 1946 EM,
950 1857 1028 1930 EN
1057 1857 1236 1932 secabunt
1263 1857 1355 1948 ΒΚ,

316 1973 399 2063 BL,
414 1995 460 2047 ex
476 1995 551 2046 una
566 1983 672 2070 parte
688 1971 785 2046 inter
803 1968 833 2044 B
852 1981 892 2044 et
904 1971 952 2060 K,
966 1994 1011 2043 ex
1028 1971 1145 2044 altera
1160 1969 1261 2044 inter
1275 1973 1305 2044 B
1321 1986 1358 2046 et

315 2085 368 2172 L;
394 2097 437 2160 ut
454 2096 642 2160 ostensum
659 2096 716 2159 ost
732 2086 781 2159 ad
796 2084 1073 2158 finemarticnli
1091 2094 1125 2158 6.
1162 2085 1251 2159 Non
1269 2111 1356 2183 crgo
1437 2147 1438 2188 ,

314 2211 455 2297 puncta
471 2201 506 2273 K
525 2211 563 2274 et
579 2196 610 2272 L
628 2199 851 2296 contingent
869 2199 1047 2294 imagines
1073 2220 1168 2288 suaS,
1187 2200 1255 2275 sed
1276 2202 1358 2274 uni·

316 2335 401 2388 cum
416 2323 593 2411 punctum
612 2314 646 2387 D
663 2309 703 2386 in
720 2325 849 2387 centro
866 2313 1028 2409 positum
1040 2313 1081 2386 id
1092 2313 1194 2386 facit.
1228 2314 1358 2410 Itaque

314 2427 345 2500 si
361 2438 540 2524 punctum
556 2425 693 2526 objecti
706 2439 745 2500 et
756 2428 879 2523 imago
893 2426 1057 2522 ejusdem
1074 2449 1112 2501 se
1128 2439 1260 2500 mutuo
1277 2440 1360 2502 tan-
1437 2483 1438 2494 ,

314 2553 419 2638 gunt,
437 2553 494 2615 est
519 2551 712 2616 contactus
736 2540 798 2614 ille
823 2541 862 2614 in
888 2550 1014 2614 centro
1040 2539 1191 2638 speculi.
1246 2543 1359 2618 Quod

315 2665 394 2730 crat
409 2654 652 2752 probandum.
1437 2651 1438 2674 ,

171 2777 196 2853 ,’
221 2791 293 2888 esp-
367 2778 424 2843 10.
453 2769 564 2845 Quod
586 2770 722 2843 attinet
744 2766 793 2841 ad
820 2767 1070 2842 confirsionem
1089 2793 1171 2865 quae
1188 2769 1228 2843 in
1245 2771 1359 2844 certis

229 2951 231 2960 .
278 2877 282 2888 ’
313 2883 410 2956 oculi
427 2894 466 2956 et
483 2883 618 2979 objecti
634 2879 877 2980 positionibus
892 2883 1076 2958 observari
1092 2895 1226 2980 potest,
1239 2887 1358 2959 maxi-

312 3021 374 3070 ma
394 2995 559 3071 confusio
585 3006 675 3070 tunc
700 2995 838 3070 accidit
863 2996 1011 3092 quando
1037 2998 1224 3092 objectum
1242 3011 1300 3072 est
1318 3001 1359 3073 in

311 3111 409 3186 linea
426 3109 665 3206 apparitionis
678 3111 869 3200 maximae,
889 3131 1020 3206 nempe
1043 3135 1088 3183 ea
1115 3133 1198 3206 quae
1215 3113 1359 3188 faciens

303 3250 396 3328 cum
419 3224 681 3322 perpendiculo
710 3224 806 3298 oculi
833 3223 988 3320 angulos
1013 3234 1135 3298 rectos
1153 3225 1360 3300 reflectitur

311 3339 486 3438 utrinqne
513 3339 561 3412 ad
587 3339 755 3424 oculum;
783 3339 899 3435 qualis
924 3349 982 3411 est
1005 3338 1045 3410 in
1061 3341 1182 3435 figura
1198 3348 1234 3429 6,
1252 3353 1361 3412 recta

312 3453 399 3528 ΑΟ.
451 3454 495 3527 In
523 3477 567 3526 ea
593 3451 706 3550 igitur
733 3454 764 3527 si
786 3464 947 3549 ponatur
973 3452 1232 3548 objectum,›ut
1249 3455 1291 3528 M
1308 3455 1359 3546 N,

300 3567 598 3664 unumquodque
612 3569 689 3665 ejus
701 3579 882 3664 punctum
895 3565 1081 3640 videbitur
1098 3578 1179 3640 tum
1195 3569 1235 3642 in
1252 3579 1360 3642 ntra-

312 3707 383 3780 que
400 3681 530 3755 visuali
546 3682 576 3754 E
590 3681 635 3771 A,
650 3681 680 3753 E
695 3681 735 3771 0,
749 3690 829 3753 tum
846 3680 958 3753 etiam
975 3680 1014 3753 in
1031 3680 1298 3771 tertia-visuali,
1312 3697 1360 3756 ut

217 3816 219 3822 ’
311 3795 350 3870 in
367 3797 486 3892 figura
502 3796 581 3893 ipsa
596 3805 721 3891 patet;
748 3817 834 3868 nam
852 3795 893 3868 M
911 3794 1058 3868 videtur
1074 3794 1114 3866 in
1130 3794 1264 3868 visuali
1278 3795 1296 3868 I
1311 3798 1359 3888 E,

311 3920 350 3983 et
375 3909 411 3983 N
436 3910 476 3984 in
501 3907 631 3982 visuali
658 3909 748 3982 HE.
801 3909 911 3983 Quod
937 3909 967 3982 si
998 3907 1126 3982 oculus
1152 3910 1360 3984 collocetur

310 4024 407 4098 inter
419 4024 594 4098 verticem
611 4033 650 4096 et
667 4033 834 4096 centrum
848 4023 998 4120 speculi,
1012 4024 1174 4097 maxima
1187 4025 1360 4099 confusio

311 4151 401 4212 tunc
419 4138 490 4212 erit
512 4136 660 4235 quando
686 4161 802 4234 prope
827 4137 920 4211 illud
945 4148 1125 4234 punctum
1151 4138 1360 4214 collocatur

312 4253 451 4340 oculus,
468 4253 507 4330 iu
533 4275 605 4353 quo
634 4250 903 4326 semidiameter
919 4252 972 4326 ita
989 4251 1105 4326 divisa
1122 4263 1190 4342 cst,
1209 4264 1252 4330 ut
1266 4271 1359 4356 pars
