2904 4916
263 337 368 391 noca
388 338 456 390 as.
478 337 674 392 suouunu
692 336 958 391 nnnnmcms.
1066 321 1141 389 283

97 495 402 602 aiquiesoendum
431 529 510 580 esse
537 505 647 579 dictis
668 529 808 596 eorum,
826 529 918 602 quos
933 527 1019 579 vere
1036 527 1142 602 reges
1171 534 1267 586 sucu.
1283 533 1336 584 nu

97 619 133 690 in
146 641 215 690 nos
234 618 504 702 constituimus,
522 619 562 692 ni
577 619 731 692 velimus
744 618 916 693 incendio
925 618 1013 692 belli
1026 616 1142 692 civilis
1182 613 1326 715 ,ἐμ

98 731 276 804 consumi.
328 730 589 805 Particularlus
603 744 726 804 autem
740 731 960 804 describitur
976 731 1145 827 potentia
1156 751 1290 830 monum
1307 815 1313 828 ,

85 843 197 940 -regiu
211 844 325 917 aDeo
340 844 419 940 ipso
430 869 498 941 per
512 845 719 918 Samuelem
740 845 775 938 (l
792 844 973 918 Samviii.
985 852 1022 934 9,
1033 845 1141 939 etc.):
1155 829 1339 926 iffi&

97 955 250 1030 Proedie
279 956 328 1029 iia
349 959 418 1053 jau
446 959 566 1055 regia,
591 959 657 1055 qui
682 968 915 1055 regnaturus
937 967 997 1030 eut
1025 943 1356 1056 euperfff'effiffi

98 1095 171 1158 eos,
185 1077 258 1142 ete.
311 1068 399 1142 Hoc
417 1071 494 1142 erit
501 1072 570 1166 juo
587 1069 694 1168 regia
712 1071 778 1168 qui
804 1071 1058 1169 imperaturus
1084 1079 1143 1144 eui
1154 1075 1356 1134 mem

97 1181 201 1255 uobis
215 1208 228 1254 .·
243 1179 356 1276 filios
380 1191 527 1255 vestros
551 1182 671 1274 tollet,
696 1193 734 1256 et
754 1193 871 1280 ponet
901 1183 940 1256 in
968 1181 1144 1257 curribuu

96 1296 190 1383 auia,
209 1305 281 1369 ete.
333 1295 459 1368 Filiae
487 1320 632 1394 quoque
659 1305 807 1369 vestras
823 1295 959 1394 societ
981 1294 1056 1368 eibi
1081 1321 1146 1370 un·

94 1408 338 1507 guentoniae,
350 1419 421 1483 etc.
477 1409 626 1482 oliveta
658 1409 800 1506 optima
831 1408 951 1496 tollet,
975 1419 1014 1482 et
1037 1408 1147 1483 dabit

96 1522 221 1594 seruis
252 1523 345 1610 auia,
369 1531 440 1596 ete.
493 1522 626 1597 Nonne
657 1535 715 1597 est
740 1523 909 1620 potentia
935 1522 1147 1620 hujusmodi

98 1633 295 1707 absoluta?
334 1636 587 1709 Veruntamen
605 1636 741 1732 abipso
760 1636 839 1709 Deo
853 1636 1145 1733 appellaturum

98 1769 238 1821 nuum.
307 1747 437 1844 Neque
462 1747 608 1822 videtur
643 1749 848 1846 quisquam,
878 1773 926 1822 ne
964 1749 1146 1824 anundus

98 1861 250 1958 quidem
276 1885 436 1934 aummuu
465 1861 564 1958 apud
586 1862 748 1952 Judaeos,
765 1862 812 1935 ab
840 1861 1052 1936 obedientia
1078 1865 1147 1936 hac

98 1985 267 2048 exemtus
280 1972 404 2048 fuisse.
448 1975 522 2048 Ubi
536 1975 634 2049 enim
654 1975 690 2070 (l
707 1974 922 2072 Reg.ii.26‚
936 1975 1002 2072 27)
1027 1975 1148 2050 Auia-

99 2087 213 2161 tiuro
225 2086 420 2160 sacerdoti
431 2087 625 2179 diuitrea,
639 2087 814 2161 nimirum
827 2089 1016 2163 Salomon:
1043 2087 1148 2162 Vade

99 2201 137 2274 in
157 2198 357 2273 Anathan
375 2199 430 2272 ud
444 2224 580 2298 agrum
599 2211 725 2284 tuum,·
755 2200 925 2299 equidem
938 2203 998 2275 uir
1015 2201 1148 2276 mortis

98 2339 138 2387 ea
149 2341 163 2387 .·
193 2312 267 2385 aed
277 2311 388 2384 hodie
403 2322 440 2385 te
454 2338 526 2385 non
541 2312 778 2408 interficiam,
792 2316 883 2412 quia
898 2315 1070 2414 portasti
1083 2340 1149 2389 ur·

98 2451 182 2500 cum
201 2425 358 2498 Domini
374 2425 452 2498 Dei
462 2449 588 2499 corum
599 2425 860 2524 Duoidputre
875 2453 966 2518 meo,
985 2439 1024 2502 et
1034 2429 1150 2502 sueti-

98 2537 223 2614 nuisti
250 2536 415 2610 laborem
445 2537 485 2611 in
513 2537 691 2629 omnibus,
720 2539 760 2612 in
790 2539 924 2638 quibua
957 2540 1149 2617 loboravit

95 2661 218 2751 poter
242 2675 355 2725 meua.
400 2651 457 2724 Et
482 2652 595 2748 ejecit
622 2651 797 2726 Salomon
821 2653 1084 2745 Abiatiurum,
1108 2664 1151 2728 ut

99 2791 175 2840 non
186 2775 290 2838 esset
300 2765 481 2839 sacerdos
491 2765 661 2839 Domini:
684 2766 786 2841 nullo
796 2778 1013 2864 argumento
1027 2766 1152 2863 colligi

98 2887 240 2978 potest,
264 2878 404 2952 fuctum
427 2878 520 2952 illud
538 2879 618 2953 Deo
640 2879 888 2976 displicuisse;
915 2879 1151 2978 nequeenim

99 2991 327 3090 reprehendi
346 2993 592 3084 Salomonem,
607 3003 672 3066 aut
688 3017 883 3091 personum
901 2995 979 3091 ejus
998 3019 1042 3070 eo
1054 3007 1151 3090 ‘tem-

99 3129 193 3203 pore
210 3128 344 3203 pamm
361 3106 442 3180 Deo
459 3115 649 3203 acceptam
666 3105 779 3181 finisse
795 3107 960 3205 legimus.
