2904 4912
236 275 290 328 un
311 275 453 329 nnouo
473 276 546 330 nm
568 277 835 332 naupactum
856 277 1023 330 novun.
1077 257 1151 336 397

107 445 234 541 Atque
257 443 401 518 unitate
421 445 597 542 legitima
622 443 818 543 potestatis
846 443 1074 518 convocandi
1098 465 1157 540 sy·
1187 475 1286 528 snm,
1300 471 1353 525 ut.

109 559 226 634 nodos
237 571 276 633 et
286 570 490 634 conventus
502 560 806 650 Christianorum,
818 583 892 632 non
904 557 1157 632 uniformitate
1198 551 1342 659 „L

107 673 302 762 docttinae,
316 673 360 746 fit
373 697 447 746 nno
461 683 498 747 et
511 697 627 769 capax
640 672 872 746 functionum
883 667 1156 770 personalium,

108 809 192 882 quae
216 785 378 881 alioquin
402 799 458 859 est
482 784 694 874 multitudo,
712 795 750 858 et
766 805 942 883 persono
959 781 998 858 in
1014 781 1158 879 plurali,

108 910 301 994 utcunque
317 898 551 994 opinionibus
568 898 854 972 consentientes.

160 1021 222 1086 21.
250 1011 311 1102 Iis,
347 1034 429 1107 quae
464 1011 564 1085 dicta
593 1013 671 1108 jam
705 1021 803 1100 sunt,
833 1008 1041 1083 necessaria
1070 1031 1160 1080 oon·
1173 1024 1343 1104 civissem»

108 1125 271 1198 nexione
298 1123 476 1214 adhaeret,
501 1123 691 1198 civitatem
719 1122 1020 1196 Christianorum
1041 1092 1343 1214 homi-ffiis.

108 1261 213 1326 num,
231 1246 270 1309 et
287 1234 485 1309 ecclesiam
511 1235 723 1326 eorundem,
741 1259 891 1333 prorsus
909 1235 1064 1310 eandem
1080 1253 1161 1308 rem
1174 1221 1306 1330 ΜΨ

108 1375 203 1441 esse,
219 1349 365 1423 duobus
381 1349 593 1423 nominibus
611 1359 762 1447 propter
779 1349 871 1423 duas
889 1373 1018 1423 causas
1036 1347 1163 1446 appel-

107 1467 238 1539 latam.
290 1463 387 1537 Nam
412 1463 574 1536 materia
597 1463 763 1536 cioitntia
785 1472 823 1536 et
841 1461 1006 1536 ecclesie
1033 1463 1163 1537 eadem

107 1591 179 1668 est,
211 1576 388 1650 nimirum
421 1575 533 1650 iidem
563 1575 731 1649 homines
763 1575 975 1650 Christiani.
1026 1575 1163 1650 Forma

108 1701 250 1780 autem,
271 1714 353 1786 quae
371 1689 540 1763 consistit
557 1689 596 1764 in
613 1689 779 1787 legitima
793 1699 978 1786 potestate
995 1713 1058 1764 eos
1076 1713 1164 1764 con-

108 1802 282 1893 vocandi,
301 1802 430 1876 eadem
447 1827 594 1900 quoque
611 1814 691 1889 est;
718 1813 864 1877 constat
885 1804 983 1877 enim
1001 1804 1165 1901 singulos

109 1921 213 1994 cives
227 1917 383 2015 obligari
396 1941 442 1991 eo
454 1918 592 2006 venire,
607 1939 680 2014 quo
698 1941 721 1990 a
737 1917 886 1991 civitate
901 1929 1163 1992 convocantur.

110 2033 212 2108 Quae
240 2053 328 2103 vero
355 2029 492 2103 cioitoa
514 2040 680 2120 vocatur,
709 2039 889 2127 quatenus
911 2031 1094 2105 conflatur
1119 2050 1165 2104 ex

111 2142 333 2233 hominibus,
352 2142 482 2217 eadem
507 2153 688 2240 quatenus
701 2153 847 2218 constat
864 2168 911 2217 ex
931 2144 1166 2219 Christiania

111 2256 279 2332 ecclesio
294 2257 518 2330 nominatur.

167 2381 229 2445 22.
258 2369 351 2443 Cum
369 2369 500 2444 iisdem
518 2370 681 2444 cohaeret
702 2380 740 2443 et
762 2371 857 2457 hoo;
881 2369 1066 2470 sipiares
1088 2369 1364 2462 statumina

113 2485 292 2559 civitates
322 2481 558 2573 Christiano,
587 2505 654 2556 eas
679 2481 792 2555 simul
815 2506 937 2556 omnes
970 2482 1165 2556 ecclesiam
1178 2455 1377 2562 iffifflffi

105 2594 375 2696 personaliter
388 2619 581 2668 nnnmnon
599 2619 693 2668 esse.
745 2597 904 2669 Possunt
918 2597 1067 2693 quidem
1080 2619 1167 2670 oon-

114 2733 229 2784 scnsu
255 2719 382 2783 mutuo
413 2733 489 2782 una
516 2710 619 2795 fieri;
646 2709 712 2782 sed
735 2733 811 2784 non
843 2710 962 2800 aliter,
987 2733 1098 2806 quam
1123 2721 1167 2782 ut

115 2825 211 2897 fiant
232 2823 345 2896 etiam
365 2845 442 2895 una
468 2822 609 2896 civitas.
662 2821 868 2896 Conveuire
895 2824 994 2896 enim
1020 2822 1093 2895 nisi
1119 2821 1168 2896 ad

115 2947 262 3010 certum
285 2947 429 3033 tempus
447 2947 485 3008 et
501 2935 625 3010 locum
646 2937 889 3010 constitutum
907 2959 983 3010 uon
1000 2945 1166 3032 possunt.

119 3050 216 3122 Sunt
233 3058 355 3121 autem
371 3071 551 3145 personae,
568 3048 662 3138 loca,
681 3058 719 3121 et
735 3058 904 3146 tempora
920 3058 1168 3122 conventuum

113 3161 210 3260 juris
235 3161 374 3246 civilis;
401 3185 523 3258 neque
549 3163 755 3259 quisquam,
783 3162 873 3236 civis
896 3162 956 3236 vel
981 3172 1167 3250 externus,

116 3275 254 3374 pedem
282 3276 322 3348 in
349 3275 465 3348 ullum
494 3275 618 3349 locum
651 3275 787 3350 infame
817 3278 902 3373 jure
931 3287 1068 3373 potest,
1098 3276 1169 3348 nisi

116 3388 357 3488 permittente
383 3388 544 3478 civitate,
571 3411 652 3484 quae
682 3388 755 3462 loci
778 3388 927 3463 domina
953 3401 1021 3462 est.
1074 3389 1169 3464 Quat

117 3525 209 3577 vero
221 3500 291 3575 nisi
308 3502 546 3597 permittente
565 3500 714 3575 civitate
724 3501 805 3575 fieri
813 3504 896 3598 jure
909 3526 986 3575 non
1003 3511 1168 3599 possunt,

114 3639 176 3705 ea,
205 3614 237 3687 si
261 3615 345 3709 jure
373 3615 477 3704 fiant,
499 3615 595 3688 fiunt
621 3638 688 3712 per
715 3616 974 3689 auctoritatem
998 3614 1169 3688 civitatis.

119 3731 188 3804 Est
201 3739 302 3802 certe
316 3727 478 3802 ecclesio
495 3728 671 3801 nnioeraa
684 3751 800 3802 unum
814 3752 952 3827 corpas
966 3729 1170 3826 mysticam,

114 3843 228 3939 cujus
255 3852 366 3938 caput
398 3851 455 3915 est
487 3840 723 3926 Cantatum
762 3840 827 3915 sed
857 3841 985 3914 eadem
1014 3841 1170 3928 ratione,

122 3979 198 4052 qua
224 3976 354 4028 omnes
380 3954 488 4028 simm
510 3953 691 4041 hominm,
708 3954 828 4028 Deum
844 3963 1026 4027 rectorem
1042 3953 1172 4026 mundi

120 4077 377 4166 agnoscentes,
411 4091 526 4142 unum
556 4091 712 4166 regnum
742 4082 781 4142 et
810 4092 885 4140 nnc
903 4067 1037 4140 civitas
1064 4076 1171 4152 sunt;

123 4205 209 4280 quae
236 4192 361 4256 tamen
383 4205 503 4280 neque
527 4205 602 4254 una
622 4205 795 4280 persona
822 4190 890 4272 est,
917 4203 1036 4278 neque
1061 4203 1173 4254 unam
