2834 4912
146 289 204 342 οιι
223 288 331 343 ιοιιιι
354 289 769 360 consecremus
791 291 1021 346 ιιιοιιιιιοιι.
1061 275 1130 344 281

77 452 176 528 culis
209 455 411 554 propositis
444 465 483 532 et
512 455 551 530 iu
585 465 685 532 ooetu
718 456 866 552 agitatis
900 457 1135 556 probatisque
1167 479 1264 534 sacr.
1279 481 1330 534 ιιι.

76 569 332 661 consentiant,
359 569 585 668 jubeantque
612 591 675 644 eos
705 569 905 661 observari,
934 593 1136 670 prunasque
1177 557 1320 664 „L

75 679 320 778 prescriptos
338 680 385 756 de
411 681 455 756 iia
482 679 677 756 sumendas
703 704 795 772 esse,
814 681 877 780 qui
900 707 963 758 eos
981 683 1137 758 violave·

75 793 168 870 rint.
226 793 286 868 hd
302 817 413 892 quam
432 817 523 884 rem,
542 803 654 892 atque
679 793 792 868 etiam
817 794 867 870 ad
890 795 1136 894 propulsatio-

75 929 166 982 nem
202 917 442 982 externorum
476 906 650 998 hostium,
694 909 940 1006 praescribunt
974 909 1135 986 reditum
1269 917 1273 928 ’

75 1031 229 1096 certum
257 1031 297 1096 et
323 1019 532 1112 limitatum,
550 1043 595 1096 θο
624 1020 718 1118 lege,
736 1033 779 1096 ut
803 1022 835 1096 si
865 1047 938 1096 non
968 1023 1135 1112 sufficiat,

76 1132 316 1208 redeundum
326 1134 578 1210 sitadnovam
590 1145 708 1210 coetus
722 1137 1015 1212 conventionem.
1042 1137 1136 1214 Quis

75 1273 156 1324 non
174 1247 280 1324 videt
306 1247 511 1326 incivitate
539 1249 592 1324 sic
620 1250 834 1341 constituta,
853 1262 991 1326 coetum
1019 1251 1134 1341 illum,

75 1363 145 1460 qui
173 1362 256 1438 hac
283 1363 522 1462 prescripsit,
548 1363 719 1438 habuisse
739 1373 969 1462 potestatem
987 1363 1097 1438 absol
1120 1411 1136 1426 -

76 1481 194 1552 tam?
224 1477 264 1550 Si
293 1487 417 1552 manet
448 1476 562 1572 igitur
592 1475 874 1568 caramalus
904 1487 1070 1575 tempore
1097 1477 1136 1550 in

76 1603 231 1690 tempus
259 1588 309 1664 ud
334 1602 477 1665 certum
502 1589 602 1666 diem
619 1600 658 1665 et
681 1591 802 1665 locum
820 1601 1024 1666 conventus
1041 1591 1136 1666 cele-

77 1706 179 1796 brat,
202 1703 276 1778 erit
299 1715 478 1802 perpetua
495 1704 673 1804 potentio
699 1703 773 1780 illa.
827 1705 892 1778 Sin
923 1704 1070 1804 penitus
1096 1726 1136 1778 se

78 1817 303 1908 dissolvant,
336 1817 394 1890 vel
427 1841 503 1892 uua
536 1816 747 1892 dissolvitur
774 1817 916 1908 civitas,
946 1829 1056 1914 etque
1083 1817 1137 1891 ita

79 1941 322 2006 revertuntur
337 1928 387 2003 ad
403 1939 543 2004 statum
568 1927 670 2018 belli,
688 1930 747 2004 vel
765 1930 985 2028 relinquitur
1001 1930 1135 2005 alicubi

79 2053 250 2140 potestas
278 2042 457 2141 puniendi
489 2043 643 2140 eosqui
670 2043 769 2140 leges
805 2044 1135 2140 transgredientur,

80 2157 298 2254 quicunque
316 2155 464 2231 demum
481 2167 519 2230 et
535 2169 771 2256 quotcunque
782 2159 833 2232 illi
851 2159 1010 2246 fueriut;
1037 2159 1138 2256 qnod

81 2269 164 2344 lieri
192 2293 269 2344 nou
287 2279 409 2366 potest
427 2269 505 2346 sine
517 2279 713 2370 potestate
730 2271 916 2348 absoluto.
960 2273 1055 2348 Nam
1074 2273 1137 2370 qui

73 2385 170 2478 jare
187 2391 335 2458 tentum
353 2381 424 2456 sibi
441 2406 657 2456 concessum
674 2383 806 2458 virium
820 2385 943 2474 habet,
962 2396 1005 2460 ut
1021 2385 1137 2484 possit

83 2495 272 2594 quotlibet
302 2494 400 2568 cives
425 2495 544 2592 poeuis
576 2519 759 2586 coercere,
786 2497 898 2572 hebet
932 2499 1137 2598 potentiam

83 2619 232 2686 notam
248 2618 292 2681 ut
308 2631 331 2682 e
347 2607 488 2683 civibus
505 2610 623 2706 major
639 2609 825 2684 contribui
842 2634 916 2684 uon
933 2611 1061 2706 possit.

143 2730 201 2798 18.
229 2721 468 2797 Manifestum
489 2733 546 2796 θοι
567 2722 694 2816 igitur,
713 2721 849 2796 esseio
868 2722 969 2797 omui
987 2722 1136 2796 civitate
1152 2737 1214 2780 Now
1225 2737 1309 2794 ‘meru

84 2836 251 2934 aliquem
268 2834 449 2910 homiaem
472 2835 665 2926 nuum,ch
683 2833 881 2912 eonsilium
898 2836 975 2910 sive
994 2837 1137 2910 cariam
1150 2803 1237 2846 'mm'

87 2973 213 3040 naam,
232 2971 315 3045 quse
338 2947 542 3046 potentiam
567 2948 605 3022 in
622 2950 721 3022 cives
740 2948 903 3044 singulos
923 2951 1007 3047 jure
1025 2949 1137 3024 habet

86 3073 248 3152 tentam,
260 3075 436 3160 quantam
447 3073 552 3138 extra
562 3062 750 3138 civitatem
762 3064 1014 3161 unusquisque
1025 3064 1137 3140 hebet

87 3177 129 3252 in
153 3175 339 3274 seipsums
367 3174 406 3250 id
429 3185 496 3266 est,
517 3199 693 3251 sommum
716 3175 792 3251 sive
810 3176 1032 3266 absolutam,
1050 3176 1136 3253 viri-

89 3290 160 3364 bus
186 3287 359 3378 civitatis,
377 3311 496 3386 neque
527 3287 602 3364 ulla
628 3288 700 3364 alia
729 3311 770 3362 re
802 3288 1044 3366 limitandum.
1098 3289 1137 3364 Si

90 3401 192 3476 enim
209 3411 371 3498 potestus
384 3402 463 3499 ejus
473 3400 708 3492 limitaretur,
720 3425 868 3476 necesse
881 3414 948 3493 est,
966 3413 1007 3478 ut
1018 3402 1056 3478 id
1073 3403 1138 3477 liet

90 3539 114 3592 a
139 3513 270 3611 majori
286 3523 493 3612 potestate:
521 3525 668 3612 oportet
685 3513 783 3588 enim
809 3537 906 3605 eum,
923 3515 986 3611 qui
1003 3514 1138 3589 limites

91 3626 312 3726 prescribit,
331 3627 506 3723 majorem
519 3624 722 3724 potentiam
735 3625 882 3715 habere,
897 3650 1008 3724 quem
1026 3627 1056 3700 is
1074 3624 1137 3722 qui

91 3738 271 3815 limitibus
289 3737 494 3814 cohibetur.
548 3737 716 3814 Potentia
729 3738 851 3834 itaquo
869 3738 931 3812 illa
947 3736 1136 3826 cohibens,

93 3854 151 3927 vel
170 3851 249 3928 siue
266 3850 383 3927 limite
401 3861 469 3942 est,
488 3850 545 3924 vel
560 3851 694 3927 iterum
707 3850 900 3926 cohibetur
917 3850 963 3926 eb
975 3849 1047 3922 elia
1063 3872 1138 3924 rua·

89 3967 187 4065 jori,
214 3964 322 4040 etsie
340 3963 491 4040 tandem
508 3963 724 4040 deverrietur
755 3963 803 4038 ml
820 3973 1041 4061 potestatem
1059 3961 1137 4038 siue

92 4080 166 4156 alio
197 4078 314 4154 limite
344 4089 480 4177 praeter
504 4101 602 4170 eum,
621 4079 684 4174 qui
712 4076 890 4152 terminus
913 4075 1063 4152 ultimus
1081 4087 1138 4152 est

94 4194 227 4272 virium
244 4191 379 4268 civium
393 4189 501 4266 simul
514 4190 690 4266 omnium.
743 4187 881 4264 Eadem
898 4188 1034 4264 dicitur
1048 4215 1138 4290 quo-
