<?xml version="1.0" encoding="UTF-8"?>
<!DOCTYPE html PUBLIC "-//W3C//DTD XHTML 1.0 Transitional//EN"
    "http://www.w3.org/TR/xhtml1/DTD/xhtml1-transitional.dtd">
<html xmlns="http://www.w3.org/1999/xhtml" xml:lang="en" lang="en">
 <head>
  <title>
</title>
<meta http-equiv="Content-Type" content="text/html;charset=utf-8" />
  <meta name='ocr-system' content='tesseract 3.04.00' />
  <meta name='ocr-capabilities' content='ocr_page ocr_carea ocr_par ocr_line ocrx_word'/>
</head>
<body>
  <div class='ocr_page' id='page_1' title='image "./thomhobbesmalme09hobbgoog_0331.png"; bbox 0 0 2904 4916; ppageno 0'>
   <div class='ocr_carea' id='block_1_1' title="bbox 272 265 909 338">
    <p class='ocr_par' dir='ltr' id='par_1_1' title="bbox 272 265 909 338">
     <span class='ocr_line' id='line_1_1' title="bbox 272 265 909 338; baseline 0.003 -3"><span class='ocrx_word' id='word_1_1' title='bbox 272 265 344 336; x_wconf 84' lang='lat'>316</span> <span class='ocrx_word' id='word_1_2' title='bbox 601 287 621 304; x_wconf 75' lang='lat'>·=</span> <span class='ocrx_word' id='word_1_3' title='bbox 677 281 909 338; x_wconf 73' lang='lat' dir='ltr'>menarum.</span> 
     </span>
    </p>
   </div>
   <div class='ocr_carea' id='block_1_2' title="bbox 53 449 1328 2371">
    <p class='ocr_par' dir='ltr' id='par_1_2' title="bbox 53 449 1328 2371">
     <span class='ocr_line' id='line_1_2' title="bbox 69 449 1328 552; baseline 0.005 -29"><span class='ocrx_word' id='word_1_4' title='bbox 69 480 168 536; x_wconf 70' lang='lat' dir='ltr'>sper.</span> <span class='ocrx_word' id='word_1_5' title='bbox 183 482 236 534; x_wconf 81' lang='lat'><em>111,</em></span> <span class='ocrx_word' id='word_1_6' title='bbox 269 449 600 525; x_wconf 83' lang='lat' dir='ltr'>suam³hominibus</span> <span class='ocrx_word' id='word_1_7' title='bbox 618 452 857 547; x_wconf 65' lang='lat' dir='ltr'>notamfacit</span> <span class='ocrx_word' id='word_1_8' title='bbox 872 452 1009 552; x_wconf 84' lang='lat' dir='ltr'>duplex</span> <span class='ocrx_word' id='word_1_9' title='bbox 1021 460 1103 528; x_wconf 83' lang='lat' dir='ltr'>est:</span> <span class='ocrx_word' id='word_1_10' title='bbox 1130 451 1328 529; x_wconf 73' lang='lat' dir='ltr'>nataralia</span> 
     </span>
     <span class='ocr_line' id='line_1_3' title="bbox 58 560 1327 665; baseline 0.005 -27"><span class='ocrx_word' id='word_1_11' title='bbox 58 621 62 628; x_wconf 82' lang='lat'><em>.</em></span> <span class='ocrx_word' id='word_1_12' title='bbox 82 560 225 664; x_wconf 50' lang='lat' dir='ltr'>„IL</span> <span class='ocrx_word' id='word_1_13' title='bbox 269 565 346 639; x_wconf 85' lang='lat' dir='ltr'>sive</span> <span class='ocrx_word' id='word_1_14' title='bbox 365 563 532 656; x_wconf 78' lang='lat' dir='ltr'>rnoralr&#39;r,</span> <span class='ocrx_word' id='word_1_15' title='bbox 551 576 589 639; x_wconf 92' lang='lat' dir='ltr'>et</span> <span class='ocrx_word' id='word_1_16' title='bbox 599 565 784 664; x_wconf 79' lang='lat' dir='ltr'>position.</span> <span class='ocrx_word' id='word_1_17' title='bbox 836 566 1045 641; x_wconf 78' lang='lat' dir='ltr'>Naturalia</span> <span class='ocrx_word' id='word_1_18' title='bbox 1063 571 1108 642; x_wconf 86' lang='lat' dir='ltr'>ea</span> <span class='ocrx_word' id='word_1_19' title='bbox 1126 579 1194 659; x_wconf 87' lang='lat' dir='ltr'>est,</span> <span class='ocrx_word' id='word_1_20' title='bbox 1213 592 1327 665; x_wconf 88' lang='lat' dir='ltr'>quam</span> 
     </span>
     <span class='ocr_line' id='line_1_4' title="bbox 54 675 1324 778; baseline 0.009 -34"><span class='ocrx_word' id='word_1_21' title='bbox 54 678 368 778; x_wconf 55' lang='lat' dir='ltr'>rnaetparavaeus</span> <span class='ocrx_word' id='word_1_22' title='bbox 403 678 573 751; x_wconf 92' lang='lat' dir='ltr'>omnibus</span> <span class='ocrx_word' id='word_1_23' title='bbox 608 679 818 752; x_wconf 87' lang='lat' dir='ltr'>hominibus</span> <span class='ocrx_word' id='word_1_24' title='bbox 852 680 1029 776; x_wconf 82' lang='lat' dir='ltr'>patefecit</span> <span class='ocrx_word' id='word_1_25' title='bbox 1062 675 1324 777; x_wconf 77' lang='lat' dir='ltr'>perverbum</span> 
     </span>
     <span class='ocr_line' id='line_1_5' title="bbox 53 767 1323 889; baseline 0.002 -23"><span class='ocrx_word' id='word_1_26' title='bbox 53 767 255 889; x_wconf 53' lang='lat' dir='ltr'>iissfflffi</span> <span class='ocrx_word' id='word_1_27' title='bbox 268 816 376 867; x_wconf 90' lang='lat' dir='ltr'>suum</span> <span class='ocrx_word' id='word_1_28' title='bbox 406 801 582 866; x_wconf 76' lang='lat' dir='ltr'>aternum</span> <span class='ocrx_word' id='word_1_29' title='bbox 610 791 699 889; x_wconf 87' lang='lat' dir='ltr'>ipsis</span> <span class='ocrx_word' id='word_1_30' title='bbox 723 793 904 881; x_wconf 86' lang='lat' dir='ltr'>innatum,</span> <span class='ocrx_word' id='word_1_31' title='bbox 927 794 1103 868; x_wconf 90' lang='lat' dir='ltr'>nimirum</span> <span class='ocrx_word' id='word_1_32' title='bbox 1132 795 1323 868; x_wconf 82' lang='lat' dir='ltr'>rationem</span> 
     </span>
     <span class='ocr_line' id='line_1_6' title="bbox 53 895 1326 1018; baseline 0.002 -39"><span class='ocrx_word' id='word_1_33' title='bbox 53 895 201 1018; x_wconf 53' lang='lat' dir='ltr'>{gffil</span> <span class='ocrx_word' id='word_1_34' title='bbox 267 903 490 980; x_wconf 76' lang='lat' dir='ltr'><em>naturalem.</em></span> <span class='ocrx_word' id='word_1_35' title='bbox 542 906 667 1003; x_wconf 86' lang='lat' dir='ltr'><strong>Atque</strong></span> <span class='ocrx_word' id='word_1_36' title='bbox 683 907 763 979; x_wconf 88' lang='lat' dir='ltr'>haec</span> <span class='ocrx_word' id='word_1_37' title='bbox 782 915 842 980; x_wconf 88' lang='lat' dir='ltr'>est</span> <span class='ocrx_word' id='word_1_38' title='bbox 862 931 905 980; x_wconf 90' lang='lat' dir='ltr'>ea</span> <span class='ocrx_word' id='word_1_39' title='bbox 920 907 993 999; x_wconf 88' lang='lat' dir='ltr'>lex,</span> <span class='ocrx_word' id='word_1_40' title='bbox 1020 932 1132 1005; x_wconf 89' lang='lat' dir='ltr'>quam</span> <span class='ocrx_word' id='word_1_41' title='bbox 1147 918 1232 982; x_wconf 86' lang='lat' dir='ltr'>tcto</span> <span class='ocrx_word' id='word_1_42' title='bbox 1252 910 1326 983; x_wconf 94' lang='lat' dir='ltr'>hoc</span> 
     </span>
     <span class='ocr_line' id='line_1_7' title="bbox 266 1018 1327 1118; baseline 0.004 -26"><span class='ocrx_word' id='word_1_43' title='bbox 266 1019 389 1094; x_wconf 87' lang='lat' dir='ltr'>lib&#39;ello</span> <span class='ocrx_word' id='word_1_44' title='bbox 407 1018 589 1116; x_wconf 90' lang='lat' dir='ltr'>explicare</span> <span class='ocrx_word' id='word_1_45' title='bbox 607 1030 760 1094; x_wconf 90' lang='lat' dir='ltr'>conatus</span> <span class='ocrx_word' id='word_1_46' title='bbox 777 1045 870 1094; x_wconf 90' lang='lat' dir='ltr'>sum.</span> <span class='ocrx_word' id='word_1_47' title='bbox 928 1020 1105 1094; x_wconf 71' lang='lat' dir='ltr'>Potitium</span> <span class='ocrx_word' id='word_1_48' title='bbox 1124 1033 1195 1107; x_wconf 72' lang='lat' dir='ltr'>est;</span> <span class='ocrx_word' id='word_1_49' title='bbox 1213 1045 1327 1118; x_wconf 91' lang='lat' dir='ltr'>quam</span> 
     </span>
     <span class='ocr_line' id='line_1_8' title="bbox 266 1133 1326 1232; baseline 0.002 -26"><span class='ocrx_word' id='word_1_50' title='bbox 266 1133 367 1206; x_wconf 88' lang='lat' dir='ltr'>Deus</span> <span class='ocrx_word' id='word_1_51' title='bbox 386 1133 493 1207; x_wconf 89' lang='lat' dir='ltr'>nobis</span> <span class='ocrx_word' id='word_1_52' title='bbox 510 1133 688 1229; x_wconf 86' lang='lat' dir='ltr'>patefecit</span> <span class='ocrx_word' id='word_1_53' title='bbox 703 1158 772 1230; x_wconf 92' lang='lat' dir='ltr'>per</span> <span class='ocrx_word' id='word_1_54' title='bbox 788 1133 936 1208; x_wconf 75' lang='lat' dir='ltr'>verbum</span> <span class='ocrx_word' id='word_1_55' title='bbox 947 1134 1231 1232; x_wconf 79' lang='lat' dir='ltr'>propheticam,</span> <span class='ocrx_word' id='word_1_56' title='bbox 1251 1159 1326 1230; x_wconf 90' lang='lat' dir='ltr'>quo</span> 
     </span>
     <span class='ocr_line' id='line_1_9' title="bbox 266 1246 1327 1345; baseline 0.002 -25"><span class='ocrx_word' id='word_1_57' title='bbox 266 1249 413 1321; x_wconf 90' lang='lat' dir='ltr'>locutus</span> <span class='ocrx_word' id='word_1_58' title='bbox 431 1256 488 1320; x_wconf 88' lang='lat' dir='ltr'>est</span> <span class='ocrx_word' id='word_1_59' title='bbox 505 1246 554 1318; x_wconf 89' lang='lat' dir='ltr'>ad</span> <span class='ocrx_word' id='word_1_60' title='bbox 565 1247 732 1321; x_wconf 88' lang='lat' dir='ltr'>homines</span> <span class='ocrx_word' id='word_1_61' title='bbox 743 1248 1067 1345; x_wconf 90' lang='lat' dir='ltr'>tauquamhomo;</span> <span class='ocrx_word' id='word_1_62' title='bbox 1094 1248 1224 1345; x_wconf 91' lang='lat' dir='ltr'>quales</span> <span class='ocrx_word' id='word_1_63' title='bbox 1238 1259 1327 1322; x_wconf 84' lang='lat' dir='ltr'>suut</span> 
     </span>
     <span class='ocr_line' id='line_1_10' title="bbox 265 1360 1324 1458; baseline 0.001 -24"><span class='ocrx_word' id='word_1_64' title='bbox 265 1362 377 1458; x_wconf 87' lang='lat' dir='ltr'>leges,</span> <span class='ocrx_word' id='word_1_65' title='bbox 396 1385 487 1457; x_wconf 88' lang='lat' dir='ltr'>quas</span> <span class='ocrx_word' id='word_1_66' title='bbox 514 1360 668 1435; x_wconf 88' lang='lat' dir='ltr'>tradidit</span> <span class='ocrx_word' id='word_1_67' title='bbox 692 1362 832 1436; x_wconf 85' lang='lat' dir='ltr'>Judaeis</span> <span class='ocrx_word' id='word_1_68' title='bbox 859 1362 959 1435; x_wconf 90' lang='lat' dir='ltr'>circa</span> <span class='ocrx_word' id='word_1_69' title='bbox 985 1362 1152 1457; x_wconf 81' lang='lat' dir='ltr'>politiam</span> <span class='ocrx_word' id='word_1_70' title='bbox 1176 1371 1217 1434; x_wconf 91' lang='lat' dir='ltr'>et</span> <span class='ocrx_word' id='word_1_71' title='bbox 1244 1361 1324 1435; x_wconf 91' lang='lat' dir='ltr'>cul-</span> 
     </span>
     <span class='ocr_line' id='line_1_11' title="bbox 265 1472 1325 1571; baseline -0.001 -24"><span class='ocrx_word' id='word_1_72' title='bbox 265 1485 346 1547; x_wconf 92' lang='lat' dir='ltr'>tum</span> <span class='ocrx_word' id='word_1_73' title='bbox 376 1472 562 1558; x_wconf 84' lang='lat' dir='ltr'>divinum;</span> <span class='ocrx_word' id='word_1_74' title='bbox 588 1484 814 1570; x_wconf 85' lang='lat' dir='ltr'>possuntque</span> <span class='ocrx_word' id='word_1_75' title='bbox 842 1473 1018 1571; x_wconf 89' lang='lat' dir='ltr'>appellari</span> <span class='ocrx_word' id='word_1_76' title='bbox 1045 1472 1153 1571; x_wconf 74' lang='lat' dir='ltr'>leger</span> <span class='ocrx_word' id='word_1_77' title='bbox 1184 1472 1325 1546; x_wconf 74' lang='lat' dir='ltr'>divina</span> 
     </span>
     <span class='ocr_line' id='line_1_12' title="bbox 250 1585 1325 1685; baseline 0.001 -26"><span class='ocrx_word' id='word_1_78' title='bbox 250 1585 408 1678; x_wconf 76' lang='lat' dir='ltr'>civiles,</span> <span class='ocrx_word' id='word_1_79' title='bbox 436 1587 523 1684; x_wconf 88' lang='lat' dir='ltr'>quia</span> <span class='ocrx_word' id='word_1_80' title='bbox 540 1586 681 1660; x_wconf 86' lang='lat' dir='ltr'>civitati</span> <span class='ocrx_word' id='word_1_81' title='bbox 698 1587 961 1675; x_wconf 84' lang='lat' dir='ltr'>Israelitarum,</span> <span class='ocrx_word' id='word_1_82' title='bbox 980 1587 1108 1685; x_wconf 92' lang='lat' dir='ltr'>populi</span> <span class='ocrx_word' id='word_1_83' title='bbox 1134 1587 1192 1661; x_wconf 92' lang='lat' dir='ltr'>sui</span> <span class='ocrx_word' id='word_1_84' title='bbox 1208 1611 1325 1684; x_wconf 88' lang='lat' dir='ltr'>pecu-</span> 
     </span>
     <span class='ocr_line' id='line_1_13' title="bbox 264 1698 1322 1798; baseline 0.002 -25"><span class='ocrx_word' id='word_1_85' title='bbox 264 1700 377 1792; x_wconf 86' lang='lat' dir='ltr'>liaris,</span> <span class='ocrx_word' id='word_1_86' title='bbox 401 1700 604 1798; x_wconf 84' lang='lat' dir='ltr'>peculiares</span> <span class='ocrx_word' id='word_1_87' title='bbox 629 1712 746 1775; x_wconf 87' lang='lat' dir='ltr'>erant.</span> <span class='ocrx_word' id='word_1_88' title='bbox 798 1701 952 1792; x_wconf 88' lang='lat' dir='ltr'>Rursus,</span> <span class='ocrx_word' id='word_1_89' title='bbox 979 1698 1173 1774; x_wconf 77' lang='lat' dir='ltr'>nataralia</span> <span class='ocrx_word' id='word_1_90' title='bbox 1202 1701 1322 1775; x_wconf 86' lang='lat' dir='ltr'>dividi</span> 
     </span>
     <span class='ocr_line' id='line_1_14' title="bbox 264 1813 1326 1912; baseline 0.002 -25"><span class='ocrx_word' id='word_1_91' title='bbox 264 1824 387 1910; x_wconf 87' lang='lat' dir='ltr'>potest</span> <span class='ocrx_word' id='word_1_92' title='bbox 416 1815 455 1887; x_wconf 92' lang='lat' dir='ltr'>in</span> <span class='ocrx_word' id='word_1_93' title='bbox 482 1814 687 1888; x_wconf 84' lang='lat' dir='ltr'>naturalem</span> <span class='ocrx_word' id='word_1_94' title='bbox 713 1813 920 1912; x_wconf 59' lang='lat' dir='ltr'>hominnm</span> <span class='ocrx_word' id='word_1_95' title='bbox 939 1838 1023 1912; x_wconf 85' lang='lat' dir='ltr'>quae</span> <span class='ocrx_word' id='word_1_96' title='bbox 1053 1814 1132 1888; x_wconf 88' lang='lat' dir='ltr'>sola</span> <span class='ocrx_word' id='word_1_97' title='bbox 1159 1814 1326 1898; x_wconf 85' lang='lat' dir='ltr'>obtinuit</span> 
     </span>
     <span class='ocr_line' id='line_1_15' title="bbox 265 1925 1325 2023; baseline 0.001 -22"><span class='ocrx_word' id='word_1_98' title='bbox 265 1927 338 2001; x_wconf 90' lang='lat' dir='ltr'>dici</span> <span class='ocrx_word' id='word_1_99' title='bbox 356 1925 418 2001; x_wconf 78' lang='lat' dir='ltr'>lea</span> <span class='ocrx_word' id='word_1_100' title='bbox 442 1936 598 2015; x_wconf 77' lang='lat' dir='ltr'>natura,</span> <span class='ocrx_word' id='word_1_101' title='bbox 617 1939 654 2002; x_wconf 89' lang='lat' dir='ltr'>et</span> <span class='ocrx_word' id='word_1_102' title='bbox 679 1928 887 2002; x_wconf 84' lang='lat' dir='ltr'>naturalem</span> <span class='ocrx_word' id='word_1_103' title='bbox 914 1928 1120 2018; x_wconf 78' lang='lat' dir='ltr'>civitatum,</span> <span class='ocrx_word' id='word_1_104' title='bbox 1139 1952 1223 2023; x_wconf 85' lang='lat' dir='ltr'>quae</span> <span class='ocrx_word' id='word_1_105' title='bbox 1248 1928 1325 2002; x_wconf 89' lang='lat' dir='ltr'>dici</span> 
     </span>
     <span class='ocr_line' id='line_1_16' title="bbox 263 2040 1324 2140; baseline 0.001 -26"><span class='ocrx_word' id='word_1_106' title='bbox 263 2050 386 2139; x_wconf 90' lang='lat' dir='ltr'>potest</span> <span class='ocrx_word' id='word_1_107' title='bbox 403 2040 465 2114; x_wconf 79' lang='lat' dir='ltr'>lea</span> <span class='ocrx_word' id='word_1_108' title='bbox 493 2041 674 2138; x_wconf 79' lang='lat' dir='ltr'>gentiam,</span> <span class='ocrx_word' id='word_1_109' title='bbox 691 2042 803 2139; x_wconf 87' lang='lat' dir='ltr'>vulgo</span> <span class='ocrx_word' id='word_1_110' title='bbox 821 2053 945 2116; x_wconf 89' lang='lat' dir='ltr'>autem</span> <span class='ocrx_word' id='word_1_111' title='bbox 966 2042 1035 2137; x_wconf 72' lang='lat' dir='ltr'>jus</span> <span class='ocrx_word' id='word_1_112' title='bbox 1056 2041 1231 2140; x_wconf 79' lang='lat' dir='ltr'>gentium</span> <span class='ocrx_word' id='word_1_113' title='bbox 1258 2067 1324 2139; x_wconf 88' lang='lat' dir='ltr'>ap-</span> 
     </span>
     <span class='ocr_line' id='line_1_17' title="bbox 250 2155 1325 2254; baseline 0 -24"><span class='ocrx_word' id='word_1_114' title='bbox 250 2155 432 2252; x_wconf 86' lang='lat' dir='ltr'>pellatur.</span> <span class='ocrx_word' id='word_1_115' title='bbox 460 2155 648 2251; x_wconf 87' lang='lat' dir='ltr'>Praecepta</span> <span class='ocrx_word' id='word_1_116' title='bbox 655 2157 850 2254; x_wconf 89' lang='lat' dir='ltr'>utriusque</span> <span class='ocrx_word' id='word_1_117' title='bbox 866 2156 994 2231; x_wconf 90' lang='lat' dir='ltr'>eadem</span> <span class='ocrx_word' id='word_1_118' title='bbox 1013 2166 1120 2230; x_wconf 89' lang='lat' dir='ltr'>sunt:</span> <span class='ocrx_word' id='word_1_119' title='bbox 1148 2156 1217 2229; x_wconf 84' lang='lat' dir='ltr'>sed</span> <span class='ocrx_word' id='word_1_120' title='bbox 1236 2157 1325 2253; x_wconf 90' lang='lat' dir='ltr'>quia</span> 
     </span>
     <span class='ocr_line' id='line_1_18' title="bbox 263 2268 1322 2371; baseline 0.006 -31"><span class='ocrx_word' id='word_1_121' title='bbox 263 2268 569 2342; x_wconf 78' lang='lat' dir='ltr'>civitatessemel</span> <span class='ocrx_word' id='word_1_122' title='bbox 592 2269 772 2346; x_wconf 84' lang='lat' dir='ltr'>institutae</span> <span class='ocrx_word' id='word_1_123' title='bbox 799 2270 960 2344; x_wconf 90' lang='lat' dir='ltr'>induunt</span> <span class='ocrx_word' id='word_1_124' title='bbox 986 2270 1237 2371; x_wconf 87' lang='lat' dir='ltr'>proprietates</span> <span class='ocrx_word' id='word_1_125' title='bbox 1253 2273 1322 2346; x_wconf 91' lang='lat' dir='ltr'>ho-</span> 
     </span>
    </p>
   </div>
   <div class='ocr_carea' id='block_1_3' title="bbox 263 2379 1322 2480">
    <p class='ocr_par' dir='ltr' id='par_1_3' title="bbox 263 2379 1322 2480">
     <span class='ocr_line' id='line_1_19' title="bbox 263 2379 1322 2480; baseline 0.005 -25"><span class='ocrx_word' id='word_1_126' title='bbox 263 2381 404 2455; x_wconf 91' lang='lat' dir='ltr'>minum</span> <span class='ocrx_word' id='word_1_127' title='bbox 415 2379 726 2478; x_wconf 73' lang='lat' dir='ltr'>personales&#39;l&#39;er,</span> <span class='ocrx_word' id='word_1_128' title='bbox 741 2406 852 2480; x_wconf 89' lang='lat' dir='ltr'>quam</span> <span class='ocrx_word' id='word_1_129' title='bbox 863 2383 1055 2480; x_wconf 91' lang='lat' dir='ltr'>loquentes</span> <span class='ocrx_word' id='word_1_130' title='bbox 1067 2382 1114 2459; x_wconf 91' lang='lat' dir='ltr'>de</span> <span class='ocrx_word' id='word_1_131' title='bbox 1123 2384 1322 2460; x_wconf 92' lang='lat' dir='ltr'>hominum</span> 
     </span>
    </p>
   </div>
   <div class='ocr_carea' id='block_1_4' title="bbox 263 2494 1449 2595">
    <p class='ocr_par' dir='ltr' id='par_1_4' title="bbox 263 2494 1449 2595">
     <span class='ocr_line' id='line_1_20' title="bbox 263 2494 1449 2595; baseline 0.007 -27"><span class='ocrx_word' id='word_1_132' title='bbox 263 2495 491 2592; x_wconf 84' lang='lat' dir='ltr'>singulorum</span> <span class='ocrx_word' id='word_1_133' title='bbox 524 2494 645 2569; x_wconf 88' lang='lat' dir='ltr'>officio</span> <span class='ocrx_word' id='word_1_134' title='bbox 664 2495 893 2572; x_wconf 75' lang='lat' dir='ltr'>&#39;naturalem</span> <span class='ocrx_word' id='word_1_135' title='bbox 911 2496 1097 2586; x_wconf 85' lang='lat' dir='ltr'>dicimus,</span> <span class='ocrx_word' id='word_1_136' title='bbox 1132 2499 1323 2595; x_wconf 86' lang='lat' dir='ltr'>applicata</span> <span class='ocrx_word' id='word_1_137' title='bbox 1448 2583 1449 2594; x_wconf 10' lang='grc' dir='ltr'>χ</span> 
     </span>
    </p>
   </div>
   <div class='ocr_carea' id='block_1_5' title="bbox 49 2609 1447 3392">
    <p class='ocr_par' dir='ltr' id='par_1_5' title="bbox 49 2609 1447 3392">
     <span class='ocr_line' id='line_1_21' title="bbox 263 2609 1321 2707; baseline 0.007 -26"><span class='ocrx_word' id='word_1_138' title='bbox 263 2609 352 2682; x_wconf 89' lang='lat' dir='ltr'>totis</span> <span class='ocrx_word' id='word_1_139' title='bbox 370 2609 591 2695; x_wconf 86' lang='lat' dir='ltr'>civitatibus,</span> <span class='ocrx_word' id='word_1_140' title='bbox 615 2610 839 2701; x_wconf 86' lang='lat' dir='ltr'>nationibus,</span> <span class='ocrx_word' id='word_1_141' title='bbox 860 2610 936 2684; x_wconf 87' lang='lat' dir='ltr'>sive</span> <span class='ocrx_word' id='word_1_142' title='bbox 953 2611 1139 2707; x_wconf 86' lang='lat' dir='ltr'>gentibus,</span> <span class='ocrx_word' id='word_1_143' title='bbox 1159 2625 1321 2688; x_wconf 86' lang='lat' dir='ltr'>vocatur</span> 
     </span>
     <span class='ocr_line' id='line_1_22' title="bbox 254 2723 1323 2821; baseline 0.007 -26"><span class='ocrx_word' id='word_1_144' title='bbox 254 2723 323 2818; x_wconf 75' lang='lat' dir='ltr'>jas</span> <span class='ocrx_word' id='word_1_145' title='bbox 338 2723 519 2821; x_wconf 79' lang='lat' dir='ltr'>gentiam.</span> <span class='ocrx_word' id='word_1_146' title='bbox 571 2725 620 2800; x_wconf 89' lang='lat' dir='ltr'>Et</span> <span class='ocrx_word' id='word_1_147' title='bbox 637 2748 720 2820; x_wconf 89' lang='lat' dir='ltr'>qnae</span> <span class='ocrx_word' id='word_1_148' title='bbox 734 2723 835 2821; x_wconf 80' lang='lat' dir='ltr'>legis</span> <span class='ocrx_word' id='word_1_149' title='bbox 853 2738 891 2797; x_wconf 85' lang='lat' dir='ltr'>et</span> <span class='ocrx_word' id='word_1_150' title='bbox 899 2725 1007 2820; x_wconf 79' lang='lat' dir='ltr'>juris</span> <span class='ocrx_word' id='word_1_151' title='bbox 1032 2725 1229 2800; x_wconf 72' lang='lat' dir='ltr'>naturalis</span> <span class='ocrx_word' id='word_1_152' title='bbox 1247 2727 1323 2802; x_wconf 90' lang='lat' dir='ltr'>ele-</span> 
     </span>
     <span class='ocr_line' id='line_1_23' title="bbox 261 2836 1323 2930; baseline 0.008 -22"><span class='ocrx_word' id='word_1_153' title='bbox 261 2848 387 2911; x_wconf 87' lang='lat' dir='ltr'>menta</span> <span class='ocrx_word' id='word_1_154' title='bbox 403 2837 583 2912; x_wconf 90' lang='lat' dir='ltr'>hactenus</span> <span class='ocrx_word' id='word_1_155' title='bbox 599 2836 739 2912; x_wconf 89' lang='lat' dir='ltr'>tradita</span> <span class='ocrx_word' id='word_1_156' title='bbox 755 2850 853 2930; x_wconf 89' lang='lat' dir='ltr'>sunt,</span> <span class='ocrx_word' id='word_1_157' title='bbox 877 2838 1056 2913; x_wconf 87' lang='lat' dir='ltr'>translata</span> <span class='ocrx_word' id='word_1_158' title='bbox 1072 2839 1122 2913; x_wconf 89' lang='lat' dir='ltr'>ad</span> <span class='ocrx_word' id='word_1_159' title='bbox 1139 2839 1323 2916; x_wconf 78' lang='lat' dir='ltr'>civitates</span> 
     </span>
     <span class='ocr_line' id='line_1_24' title="bbox 262 2950 1322 3052; baseline 0.008 -29"><span class='ocrx_word' id='word_1_160' title='bbox 262 2961 300 3024; x_wconf 90' lang='lat' dir='ltr'>et</span> <span class='ocrx_word' id='word_1_161' title='bbox 326 2961 462 3050; x_wconf 78' lang='lat' dir='ltr'>gentes</span> <span class='ocrx_word' id='word_1_162' title='bbox 489 2951 665 3049; x_wconf 83' lang='lat' dir='ltr'>integrae,</span> <span class='ocrx_word' id='word_1_163' title='bbox 694 2975 763 3048; x_wconf 92' lang='lat' dir='ltr'>pro</span> <span class='ocrx_word' id='word_1_164' title='bbox 795 2950 919 3052; x_wconf 81' lang='lat' dir='ltr'>legum</span> <span class='ocrx_word' id='word_1_165' title='bbox 950 2961 988 3040; x_wconf 83' lang='lat' dir='ltr'>et</span> <span class='ocrx_word' id='word_1_166' title='bbox 1008 2951 1115 3048; x_wconf 79' lang='lat' dir='ltr'>juria</span> <span class='ocrx_word' id='word_1_167' title='bbox 1139 2954 1322 3050; x_wconf 79' lang='lat' dir='ltr'>gentiam</span> 
     </span>
     <span class='ocr_line' id='line_1_25' title="bbox 263 3066 1447 3168; baseline 0.003 -30"><span class='ocrx_word' id='word_1_168' title='bbox 263 3066 453 3140; x_wconf 90' lang='lat' dir='ltr'>elementis</span> <span class='ocrx_word' id='word_1_169' title='bbox 467 3067 562 3140; x_wconf 89' lang='lat' dir='ltr'>sumi</span> <span class='ocrx_word' id='word_1_170' title='bbox 575 3078 740 3164; x_wconf 88' lang='lat' dir='ltr'>possunt.</span> <span class='ocrx_word' id='word_1_171' title='bbox 1446 3133 1447 3168; x_wconf 27' lang='lat' dir='ltr'>p</span> 
     </span>
     <span class='ocr_line' id='line_1_26' title="bbox 49 3169 1447 3286; baseline 0.006 -36"><span class='ocrx_word' id='word_1_172' title='bbox 49 3189 220 3286; x_wconf 54' lang='lat' dir='ltr'>nmffffluffi‘</span> <span class='ocrx_word' id='word_1_173' title='bbox 313 3189 348 3254; x_wconf 85' lang='lat'>5.</span> <span class='ocrx_word' id='word_1_174' title='bbox 375 3180 554 3254; x_wconf 82' lang='lat' dir='ltr'>Humana</span> <span class='ocrx_word' id='word_1_175' title='bbox 585 3177 647 3254; x_wconf 81' lang='lat' dir='ltr'>lea</span> <span class='ocrx_word' id='word_1_176' title='bbox 677 3177 796 3253; x_wconf 92' lang='lat' dir='ltr'>omnis</span> <span class='ocrx_word' id='word_1_177' title='bbox 821 3177 947 3252; x_wconf 77' lang='lat' dir='ltr'>cicilia</span> <span class='ocrx_word' id='word_1_178' title='bbox 973 3187 1041 3252; x_wconf 88' lang='lat' dir='ltr'>est.</span> <span class='ocrx_word' id='word_1_179' title='bbox 1094 3177 1195 3254; x_wconf 87' lang='lat' dir='ltr'>Nam</span> <span class='ocrx_word' id='word_1_180' title='bbox 1212 3193 1321 3257; x_wconf 84' lang='lat' dir='ltr'>extra</span> <span class='ocrx_word' id='word_1_181' title='bbox 1446 3169 1447 3180; x_wconf 35' lang='lat'>¹</span> 
     </span>
     <span class='ocr_line' id='line_1_27' title="bbox 49 3275 1321 3392; baseline 0.003 -26"><span class='ocrx_word' id='word_1_182' title='bbox 49 3275 242 3358; x_wconf 55' lang='lat' dir='ltr'>civiliuimivisio</span> <span class='ocrx_word' id='word_1_183' title='bbox 262 3293 429 3368; x_wconf 86' lang='lat' dir='ltr'>civitates</span> <span class='ocrx_word' id='word_1_184' title='bbox 454 3303 571 3368; x_wconf 85' lang='lat' dir='ltr'>status</span> <span class='ocrx_word' id='word_1_185' title='bbox 586 3293 779 3368; x_wconf 91' lang='lat' dir='ltr'>hominum</span> <span class='ocrx_word' id='word_1_186' title='bbox 796 3291 940 3368; x_wconf 89' lang='lat' dir='ltr'>hostilis</span> <span class='ocrx_word' id='word_1_187' title='bbox 958 3302 1039 3378; x_wconf 90' lang='lat' dir='ltr'>est;</span> <span class='ocrx_word' id='word_1_188' title='bbox 1065 3291 1212 3390; x_wconf 90' lang='lat' dir='ltr'>inquo,</span> <span class='ocrx_word' id='word_1_189' title='bbox 1231 3296 1321 3392; x_wconf 86' lang='lat' dir='ltr'>quia</span> 
     </span>
    </p>
   </div>
   <div class='ocr_carea' id='block_1_6' title="bbox 48 3370 235 3417">
    <p class='ocr_par' dir='ltr' id='par_1_6' title="bbox 48 3370 235 3417">
     <span class='ocr_line' id='line_1_28' title="bbox 48 3370 235 3417; baseline 0.021 -4"><span class='ocrx_word' id='word_1_190' title='bbox 48 3370 235 3417; x_wconf 75' lang='lat' dir='ltr'>insacrasetsre-</span> 
     </span>
    </p>
   </div>
   <div class='ocr_carea' id='block_1_7' title="bbox 49 3406 1446 3504">
    <p class='ocr_par' dir='ltr' id='par_1_7' title="bbox 49 3406 1446 3504">
     <span class='ocr_line' id='line_1_29' title="bbox 49 3406 1446 3504; baseline 0.004 -25"><span class='ocrx_word' id='word_1_191' title='bbox 49 3434 147 3482; x_wconf 60' lang='lat' dir='ltr'>cum:</span> <span class='ocrx_word' id='word_1_192' title='bbox 261 3408 355 3481; x_wconf 89' lang='lat' dir='ltr'>alter</span> <span class='ocrx_word' id='word_1_193' title='bbox 383 3408 490 3504; x_wconf 81' lang='lat' dir='ltr'>alteri</span> <span class='ocrx_word' id='word_1_194' title='bbox 507 3432 582 3482; x_wconf 91' lang='lat' dir='ltr'>non</span> <span class='ocrx_word' id='word_1_195' title='bbox 600 3407 805 3503; x_wconf 86' lang='lat' dir='ltr'>subjicitur,</span> <span class='ocrx_word' id='word_1_196' title='bbox 823 3406 923 3503; x_wconf 84' lang='lat' dir='ltr'>leges</span> <span class='ocrx_word' id='word_1_197' title='bbox 950 3414 1087 3504; x_wconf 82' lang='lat' dir='ltr'>praeter</span> <span class='ocrx_word' id='word_1_198' title='bbox 1114 3406 1320 3483; x_wconf 83' lang='lat' dir='ltr'>dictamina</span> <span class='ocrx_word' id='word_1_199' title='bbox 1445 3415 1446 3420; x_wconf 76' lang='grc'>’</span> 
     </span>
    </p>
   </div>
   <div class='ocr_carea' id='block_1_8' title="bbox 261 3519 1317 3618">
    <p class='ocr_par' dir='ltr' id='par_1_8' title="bbox 261 3519 1317 3618">
     <span class='ocr_line' id='line_1_30' title="bbox 261 3519 1317 3618; baseline 0.003 -24"><span class='ocrx_word' id='word_1_200' title='bbox 261 3521 414 3596; x_wconf 89' lang='lat' dir='ltr'>rationis</span> <span class='ocrx_word' id='word_1_201' title='bbox 431 3523 621 3612; x_wconf 71' lang='lat' dir='ltr'>natinalis,</span> <span class='ocrx_word' id='word_1_202' title='bbox 641 3544 724 3618; x_wconf 87' lang='lat' dir='ltr'>quae</span> <span class='ocrx_word' id='word_1_203' title='bbox 749 3520 809 3594; x_wconf 88' lang='lat' dir='ltr'>lex</span> <span class='ocrx_word' id='word_1_204' title='bbox 828 3520 952 3594; x_wconf 87' lang='lat' dir='ltr'>divina</span> <span class='ocrx_word' id='word_1_205' title='bbox 982 3530 1049 3610; x_wconf 88' lang='lat' dir='ltr'>est,</span> <span class='ocrx_word' id='word_1_206' title='bbox 1076 3519 1190 3594; x_wconf 88' lang='lat' dir='ltr'>nullae</span> <span class='ocrx_word' id='word_1_207' title='bbox 1217 3532 1317 3597; x_wconf 93' lang='lat' dir='ltr'>sunt.</span> 
     </span>
    </p>
   </div>
   <div class='ocr_carea' id='block_1_9' title="bbox 262 3622 1445 3727">
    <p class='ocr_par' dir='ltr' id='par_1_9' title="bbox 262 3622 1445 3727">
     <span class='ocr_line' id='line_1_31' title="bbox 262 3622 1445 3727; baseline 0.001 -17"><span class='ocrx_word' id='word_1_208' title='bbox 262 3636 307 3710; x_wconf 92' lang='lat' dir='ltr'>lu</span> <span class='ocrx_word' id='word_1_209' title='bbox 338 3635 486 3710; x_wconf 88' lang='lat' dir='ltr'>civitate</span> <span class='ocrx_word' id='word_1_210' title='bbox 513 3659 613 3727; x_wconf 87' lang='lat' dir='ltr'>vero,</span> <span class='ocrx_word' id='word_1_211' title='bbox 637 3635 716 3710; x_wconf 87' lang='lat' dir='ltr'>sola</span> <span class='ocrx_word' id='word_1_212' title='bbox 734 3635 885 3725; x_wconf 86' lang='lat' dir='ltr'>civitas,</span> <span class='ocrx_word' id='word_1_213' title='bbox 915 3634 987 3708; x_wconf 92' lang='lat' dir='ltr'>hoc</span> <span class='ocrx_word' id='word_1_214' title='bbox 1018 3643 1085 3724; x_wconf 90' lang='lat' dir='ltr'>est,</span> <span class='ocrx_word' id='word_1_215' title='bbox 1112 3622 1227 3709; x_wconf 90' lang='lat' dir='ltr'>homo</span> <span class='ocrx_word' id='word_1_216' title='bbox 1256 3637 1317 3711; x_wconf 90' lang='lat' dir='ltr'>vel</span> <span class='ocrx_word' id='word_1_217' title='bbox 1444 3719 1445 3724; x_wconf 40' lang='lat'>,</span> 
     </span>
    </p>
   </div>
   <div class='ocr_carea' id='block_1_10' title="bbox 260 3749 1315 3960">
    <p class='ocr_par' dir='ltr' id='par_1_10' title="bbox 260 3749 1315 3960">
     <span class='ocr_line' id='line_1_32' title="bbox 262 3749 1315 3846; baseline 0 -22"><span class='ocrx_word' id='word_1_218' title='bbox 262 3750 375 3841; x_wconf 89' lang='lat' dir='ltr'>curia,</span> <span class='ocrx_word' id='word_1_219' title='bbox 390 3751 450 3825; x_wconf 91' lang='lat' dir='ltr'>cui</span> <span class='ocrx_word' id='word_1_220' title='bbox 464 3775 648 3825; x_wconf 90' lang='lat' dir='ltr'>summum</span> <span class='ocrx_word' id='word_1_221' title='bbox 666 3749 825 3823; x_wconf 90' lang='lat' dir='ltr'>civitatis</span> <span class='ocrx_word' id='word_1_222' title='bbox 842 3749 1038 3846; x_wconf 90' lang='lat' dir='ltr'>imperium</span> <span class='ocrx_word' id='word_1_223' title='bbox 1056 3749 1315 3842; x_wconf 84' lang='lat' dir='ltr'>committitur,</span> 
     </span>
     <span class='ocr_line' id='line_1_33' title="bbox 260 3861 1314 3960; baseline 0.001 -24"><span class='ocrx_word' id='word_1_224' title='bbox 260 3863 448 3960; x_wconf 85' lang='lat' dir='ltr'>legislator</span> <span class='ocrx_word' id='word_1_225' title='bbox 479 3874 547 3954; x_wconf 88' lang='lat' dir='ltr'>est,</span> <span class='ocrx_word' id='word_1_226' title='bbox 582 3864 739 3938; x_wconf 87' lang='lat' dir='ltr'>civitatis</span> <span class='ocrx_word' id='word_1_227' title='bbox 770 3873 895 3942; x_wconf 89' lang='lat' dir='ltr'>autem</span> <span class='ocrx_word' id='word_1_228' title='bbox 923 3862 1024 3957; x_wconf 87' lang='lat' dir='ltr'>leges</span> <span class='ocrx_word' id='word_1_229' title='bbox 1054 3861 1180 3934; x_wconf 88' lang='lat' dir='ltr'>civiles</span> <span class='ocrx_word' id='word_1_230' title='bbox 1214 3875 1314 3937; x_wconf 87' lang='lat' dir='ltr'>sunt.</span> 
     </span>
    </p>
   </div>
   <div class='ocr_carea' id='block_1_11' title="bbox 265 3974 1444 4077">
    <p class='ocr_par' dir='ltr' id='par_1_11' title="bbox 265 3974 1444 4077">
     <span class='ocr_line' id='line_1_34' title="bbox 265 3974 1444 4077; baseline 0.001 -30"><span class='ocrx_word' id='word_1_231' title='bbox 265 3975 405 4052; x_wconf 75' lang='lat' dir='ltr'>Civitas</span> <span class='ocrx_word' id='word_1_232' title='bbox 419 3978 526 4077; x_wconf 75' lang='lat' dir='ltr'>leges</span> <span class='ocrx_word' id='word_1_233' title='bbox 539 3987 694 4075; x_wconf 93' lang='lat' dir='ltr'>possunt</span> <span class='ocrx_word' id='word_1_234' title='bbox 704 3977 818 4051; x_wconf 83' lang='lat' dir='ltr'>dividi</span> <span class='ocrx_word' id='word_1_235' title='bbox 830 4001 898 4074; x_wconf 92' lang='lat' dir='ltr'>pro</span> <span class='ocrx_word' id='word_1_236' title='bbox 913 3974 1124 4050; x_wconf 90' lang='lat' dir='ltr'>diversitate</span> <span class='ocrx_word' id='word_1_237' title='bbox 1137 3977 1315 4072; x_wconf 85' lang='lat' dir='ltr'>subjectae</span> <span class='ocrx_word' id='word_1_238' title='bbox 1443 4027 1444 4048; x_wconf 41' lang='lat'>1</span> 
     </span>
    </p>
   </div>
   <div class='ocr_carea' id='block_1_12' title="bbox 260 4089 1315 4302">
    <p class='ocr_par' dir='ltr' id='par_1_12' title="bbox 260 4089 1315 4302">
     <span class='ocr_line' id='line_1_35' title="bbox 261 4089 1314 4186; baseline 0 -22"><span class='ocrx_word' id='word_1_239' title='bbox 261 4092 426 4166; x_wconf 87' lang='lat' dir='ltr'>materiae</span> <span class='ocrx_word' id='word_1_240' title='bbox 442 4093 483 4165; x_wconf 94' lang='lat' dir='ltr'>in</span> <span class='ocrx_word' id='word_1_241' title='bbox 500 4117 636 4165; x_wconf 77' lang='lat' dir='ltr'>cocras</span> <span class='ocrx_word' id='word_1_242' title='bbox 651 4100 689 4164; x_wconf 89' lang='lat' dir='ltr'>et</span> <span class='ocrx_word' id='word_1_243' title='bbox 705 4091 922 4165; x_wconf 71' lang='lat' dir='ltr'>saculares.</span> <span class='ocrx_word' id='word_1_244' title='bbox 958 4089 1091 4162; x_wconf 68' lang='lat' dir='ltr'>Sacra</span> <span class='ocrx_word' id='word_1_245' title='bbox 1109 4099 1211 4176; x_wconf 86' lang='lat' dir='ltr'>sunt,</span> <span class='ocrx_word' id='word_1_246' title='bbox 1230 4114 1314 4186; x_wconf 79' lang='lat' dir='ltr'>quae</span> 
     </span>
     <span class='ocr_line' id='line_1_36' title="bbox 260 4202 1315 4302; baseline -0.002 -22"><span class='ocrx_word' id='word_1_247' title='bbox 260 4206 450 4302; x_wconf 88' lang='lat' dir='ltr'>pertinent</span> <span class='ocrx_word' id='word_1_248' title='bbox 466 4204 515 4282; x_wconf 91' lang='lat' dir='ltr'>ad</span> <span class='ocrx_word' id='word_1_249' title='bbox 530 4204 757 4300; x_wconf 85' lang='lat' dir='ltr'>religionem,</span> <span class='ocrx_word' id='word_1_250' title='bbox 775 4203 846 4278; x_wconf 93' lang='lat' dir='ltr'>hoc</span> <span class='ocrx_word' id='word_1_251' title='bbox 864 4214 931 4293; x_wconf 85' lang='lat' dir='ltr'>est,</span> <span class='ocrx_word' id='word_1_252' title='bbox 948 4202 997 4278; x_wconf 89' lang='lat' dir='ltr'>ad</span> <span class='ocrx_word' id='word_1_253' title='bbox 1021 4202 1250 4277; x_wconf 85' lang='lat' dir='ltr'>ceremonias</span> <span class='ocrx_word' id='word_1_254' title='bbox 1274 4211 1315 4278; x_wconf 90' lang='lat' dir='ltr'>et</span> 
     </span>
    </p>
   </div>
   <div class='ocr_carea' id='block_1_13' title="bbox 0 0 1456 4916">
    <p class='ocr_par' dir='ltr' id='par_1_13' title="bbox 0 0 1456 4916">
     <span class='ocr_line' id='line_1_37' title="bbox 0 0 1456 4916; baseline 0 2"><span class='ocrx_word' id='word_1_255' title='bbox 0 0 1456 4916; x_wconf 95' lang='lat' dir='ltr'> </span> 
     </span>
    </p>
   </div>
  </div>
 </body>
</html>
