2918 4912
200 287 256 340 nn
275 287 383 340 sunu
399 287 513 354 urus,
528 285 600 338 cur
616 283 802 338 sunnun
816 281 1044 335 insumunt.
1075 265 1149 334 22³

110 465 299 544 nocentes,
329 452 453 551 puniri
472 454 555 549 jure
581 473 702 549 posse,
729 451 795 524 sed
822 449 969 547 penitus
998 447 1149 522 dissolvi
1179 477 1277 530 seen,
1289 478 1342 530 nr.

110 565 312 640 civitatem.
364 567 495 662 Neque
518 564 616 638 enim
644 563 779 638 servire
797 563 990 660 quisquam
1007 561 1150 636 duobus
1189 555 1334 660 ,ξω

110 677 269 753 dominis
278 689 400 776 potest
415 707 424 752 ε
451 701 571 774 neque
588 677 631 768 is,
646 677 706 750 cui
719 675 963 750 obediendum
976 697 1056 748 esse
1072 697 1152 748 cre·
1164 696 1319 772 neumam

110 791 231 868 dimus
249 805 353 868 metu
370 791 626 882 damnationis,
649 790 770 864 minus
781 789 950 866 dominus
963 799 1030 880 est,
1042 811 1151 885 quam
1163 761 1344 884 ffii‘ffi

110 909 153 998 is,
172 907 235 981 cui
252 906 423 981 obeditur
439 916 542 979 metu
558 904 687 978 mortis
703 903 927 1000 temporalis,
948 902 1014 977 sed
1029 902 1152 999 potius
1164 905 1216 938 ⁸¹⁸⁶·

110 1021 239 1118 magis.
293 1019 466 1115 Sequitur
493 1041 582 1114 ergo
598 1017 702 1090 illum
729 1041 836 1090 unum
861 1015 938 1090 sive
963 1013 1152 1102 hominem,

111 1135 187 1209 sive
207 1133 364 1222 curiam,
382 1131 443 1206 cui
461 1129 694 1206 commissum
705 1139 760 1202 est
777 1151 800 1202 a
817 1129 965 1203 civitate
982 1152 1154 1202 sumntum

111 1247 319 1346 inperium,
342 1247 414 1320 hoc
445 1267 590 1341 quoque
606 1243 744 1317 hebere
758 1243 862 1338 juris,
880 1255 924 1316 ut
950 1252 988 1315 et
1010 1241 1154 1339 judicet

112 1383 195 1457 quae
213 1358 427 1456 opiniones*
454 1368 493 1432 et
518 1357 697 1432 doctrinae
713 1355 796 1454 paci
819 1355 978 1430 inimicae
1003 1366 1102 1446 suut,
1115 1367 1153 1430 et

112 1482 215 1548 vetet
230 1495 280 1545 ne
297 1471 512 1546 doceantur.

150 1645 220 1702 ‘Et
227 1643 342 1722 judicet
355 1665 416 1724 quae
429 1644 582 1724 opiniosus,
595 1643 666 1718 etc]
690 1641 808 1720 Dogms
829 1639 888 1700 iere
909 1641 1018 1699 nullum
1040 1649 1091 1712 est,
1106 1661 1155 1702 ne·

110 1755 168 1814 que
186 1738 267 1796 circa
290 1737 399 1794 cultum
409 1735 475 1806 Dei,
490 1753 584 1812 neque
604 1736 681 1794 circa
703 1735 835 1793 scientias
848 1734 996 1802 humanus,
1010 1734 1085 1793 unde
1099 1733 1156 1792 dis·

109 1829 268 1894 mnsioues,
288 1828 392 1887 deinde
414 1827 573 1897 discordie,
586 1827 724 1894 convicia,
746 1833 776 1884 et
798 1826 935 1902 paulatim
959 1825 1063 1884 beilum
1088 1827 1156 1884 oriri

109 1939 167 1978 non
181 1919 282 1996 possit.
324 1917 428 1996 Neque
449 1917 562 1978 occidet
581 1918 637 1976 hoc
649 1925 767 1995 propter
779 1917 920 1994 dogmatis
934 1917 1093 1988 falsitatem,
1106 1919 1157 1978 sed

109 2019 231 2088 propter
249 2011 397 2088 ingenium
420 2011 577 2078 bominum,
591 2009 641 2086 qui
661 2009 802 2084 sapientes
820 2010 875 2066 sibi
898 2009 958 2078 visi,
978 2009 1052 2068 idem
1067 2010 1157 2068 videri

110 2102 214 2160 volunt
237 2101 379 2160 omnibus.
427 2101 535 2160 Verum
560 2101 644 2178 hujus
670 2102 748 2160 modi
772 2102 960 2160 dissensiones
982 2121 1157 2180 quamquem

111 2193 246 2269 impediri
263 2211 320 2252 non
334 2199 461 2271 possunt,
483 2212 519 2252 ne
532 2193 669 2262 oriantur,
687 2200 812 2252 attamen
832 2212 868 2252 ne
888 2195 1044 2271 impediant
1057 2214 1157 2272 pacem

110 2286 269 2361 publicem,
290 2286 402 2362 imperii
422 2287 525 2344 summi
539 2287 676 2344 exercitio
689 2287 815 2344 coerceri
829 2295 956 2362 possunt.
996 2285 1043 2346 De
1065 2289 1158 2364 opini-

112 2378 217 2436 onibus
232 2378 329 2454 itnque
342 2377 501 2436 istiusmodi
513 2377 649 2455 loquutus
663 2377 794 2438 hocloco
814 2397 871 2436 non
890 2397 964 2438 sum.
1004 2378 1078 2440 Sunt
1091 2380 1159 2440 doo-

112 2470 197 2527 trinre
221 2469 365 2546 quedam,
379 2471 484 2547 quibus
502 2468 606 2528 imbuti
624 2470 701 2530 cives
724 2469 916 2528 obedientiam
930 2472 1037 2530 civitati
1051 2473 1158 2550 negari,

113 2569 143 2620 et
156 2569 260 2619 contra
272 2562 416 2638 principes
428 2579 555 2619 summos
564 2579 747 2638 summusque
759 2569 914 2638 potestates
926 2564 1058 2640 pugnari,
1072 2563 1159 2640 idque

108 2651 177 2729 jure
200 2671 294 2729 posse,
318 2653 376 2712 imo
400 2661 542 2730 oportere,
556 2653 748 2713 arbitrantur:
768 2653 867 2730 quuies
879 2664 947 2712 sunt
960 2673 1025 2732 quae
1044 2657 1103 2714 sive
1117 2656 1161 2714 di·

114 2753 192 2803 recte
206 2754 236 2804 et
246 2753 353 2822 aperte,
367 2745 427 2803 sive
440 2745 590 2804 obscurius
603 2764 655 2822 per
668 2747 911 2822 consequentiam,
922 2747 1085 2806 hominibus
1098 2748 1160 2808 aliis

113 2845 220 2914 prater
230 2857 287 2908 eos,
301 2836 406 2914 quibus
419 2838 570 2914 imperium
586 2855 730 2896 summum
746 2838 883 2896 traditum
902 2849 955 2906 eat,
967 2839 1160 2898 obedientiam

114 2927 272 3004 postulant.
312 2928 447 3005 spectare
466 2931 521 2988 hoc
541 2930 578 2988 ad
597 2939 778 3007 potestatem,
791 2947 879 3007 quam
897 2931 926 2988 in
939 2931 1032 2990 aliena
1044 2931 1160 2990 civitate

115 3021 245 3079 ecclesiae
273 3019 411 3080 Romenae
433 3021 560 3098 Principi
586 3021 669 3080 multi
691 3019 861 3091 attribuunt,
882 3029 912 3082 et
934 3023 971 3080 ad
990 3033 1160 3100 potestatem

115 3113 212 3180 etium,
227 3129 315 3188 quem
334 3111 440 3170 alicubi
463 3121 545 3170 extre
559 3112 708 3172 ecclesiam
723 3113 883 3174 Romanam
898 3115 1034 3194 Episcopi
1048 3118 1077 3176 in
1091 3119 1159 3178 civi·

115 3211 173 3262 tate
193 3221 248 3262 sua
267 3204 321 3262 sibi
343 3204 504 3280 postulunt;
525 3205 649 3282 denique
671 3206 707 3264 ad
728 3207 898 3276 libertatem,
913 3227 999 3286 quam
1020 3219 1160 3287 protextu

115 3295 263 3372 religionis
286 3305 403 3354 sumunt
422 3297 476 3354 sibi
499 3297 585 3355 etiam
608 3299 684 3356 cives
697 3297 797 3366 intimi,
810 3318 868 3358 non
889 3300 1044 3361 dissimulo.
1084 3301 1160 3362 Nam

116 3387 195 3465 quod
216 3385 324 3444 bellum
338 3388 420 3446 civile
441 3389 470 3446 in
496 3389 566 3447 orbe
580 3387 745 3449 Christiano
761 3410 888 3468 unquam
901 3395 1017 3464 exstitit,
1031 3396 1109 3472 quod
1123 3397 1160 3454 ab

116 3481 169 3539 hac
193 3479 291 3538 radice
312 3487 406 3538 ortum
429 3489 480 3540 sut
499 3481 599 3540 alitum
621 3500 679 3541 non
702 3481 813 3544 tuerit?
854 3485 1059 3546 Doctrinarum
1074 3488 1161 3565 igitur

113 3571 266 3648 judicium,
283 3577 381 3630 utrum
395 3573 566 3630 obedientiae
579 3574 656 3631 cirili
678 3586 838 3652 repugnent
856 3597 956 3648 necne,
969 3587 999 3638 et
1019 3581 1161 3656 siquidem

117 3671 288 3740 repugnent,
298 3671 469 3739 potestatem
482 3665 652 3742 probibendi
666 3685 703 3726 ne
716 3667 882 3737 doceantur,
890 3671 1010 3748 imperio
1024 3672 1100 3729 civili
1113 3673 1161 3730 hic

118 3756 253 3813 attribuo.
294 3753 370 3814 Nam
393 3773 460 3814 cum
480 3775 564 3816 nemo
577 3759 623 3828 sit,
637 3761 687 3835 qui
701 3779 799 3818 earum
813 3779 918 3832 rernm,
932 3781 997 3840 quae
1011 3763 1048 3822 ad
1059 3781 1160 3840 pacem

119 3855 147 3904 et
159 3845 355 3905 defensionem
368 3848 491 3906 civitatis
504 3849 657 3925 pertinent,
665 3851 809 3928 judicium
819 3853 927 3912 civitati
940 3873 997 3913 non
1012 3855 1160 3920 concedat,

120 3947 148 3996 et
165 3937 349 3997 manifestum
367 3939 405 3997 sit
414 3939 570 4016 opiniones,
584 3941 682 4018 quales
691 3943 753 4020 jam
766 3944 891 4014 recitavi,
906 3947 1047 4021 pertinere
1060 3946 1097 4004 ad
1110 3964 1161 4022 pa·

121 4049 183 4088 cem
196 4030 328 4101 civitatis,
341 4031 471 4108 sequitur
483 4032 642 4092 necessario
656 4035 821 4110 opinionum
833 4053 961 4105 examen,
973 4055 1010 4094 an
1024 4037 1095 4095 teies
1104 4038 1161 4096 sint

120 4139 172 4179 nec
195 4140 240 4190 ne,
255 4120 292 4178 nd
313 4123 468 4189 civitatem,
481 4121 511 4180 id
531 4130 584 4191 est,
596 4124 634 4181 ad
648 4143 714 4183 eum
734 4145 822 4204 penes
845 4145 931 4203 quem
955 4137 998 4188 est
1017 4147 1160 4189 summum

121 4213 242 4274 civitatis
255 4213 416 4291 imperium,
429 4212 529 4272 referri
549 4225 689 4291 oportere.
