2904 4916
160 276 216 330 DE
237 273 381 328 cAusts
400 269 631 324 clvlmum
652 271 1027 328 mssonvuu'rlsus
1062 260 1135 327 285

88 468 164 517 una
191 453 231 515 et
260 439 380 536 primo
408 437 489 512 haec
517 447 597 522 est;
625 439 872 538 cognitionem
901 439 1070 516 debono
1099 449 1138 514 et
1168 466 1265 520 sucu.
1280 465 1332 518 ιιι.

90 556 187 631 molo
215 552 416 653 pertinere
447 551 502 624 ad
532 549 714 649 singulos.
780 554 823 627 In
858 563 956 628 stetu
990 553 1136 652 quidem
1178 545 1321 649 ,134

90 667 263 756 naturali,
280 665 344 738 ubi
357 666 440 761 jure
458 664 592 760 aeqnali
619 665 753 760 singuli
770 667 911 758 vivunt,
928 691 999 742 nee
1016 692 1055 742 se
1072 691 1140 765 per
1151 684 1314 762 sanctem

90 794 201 881 pacta
218 803 284 852 sua
297 777 451 850 aliorum
467 776 620 872 imperio
642 778 899 870 submisenmt,
915 805 1042 856 veram
1059 805 1140 854 eam
1152 747 1327 870 ffiffl

91 919 170 970 esse
188 891 437 979 concedimus
455 889 528 962 imo
557 891 677 986 eapite
704 893 837 988 primo,
854 896 1011 968 articulo
1028 918 1139 984 nono,
1153 878 1328 1003 ssssfflffiffl

91 1006 340 1106 probavimus.
393 1002 467 1076 Sed
484 1003 523 1074 in
540 1013 639 1076 statu
657 1003 765 1094 civili,
783 1005 876 1080 falsa
888 1017 955 1082 est.
1008 1009 1140 1082 Osten-

91 1145 174 1194 sum
192 1118 291 1192 enim
322 1125 378 1188 est
406 1115 527 1211 capite
545 1127 665 1206 sexto,
684 1117 839 1192 articulo
858 1143 968 1209 nono,
995 1120 1141 1218 regulos

95 1233 180 1308 boni
207 1243 246 1304 et
264 1229 366 1316 moli,
385 1227 487 1323 justi
505 1237 542 1300 et
566 1226 707 1323 injusti,
727 1231 873 1305 honesti
889 1243 928 1306 et
945 1233 1142 1322 inhonesti,

93 1369 173 1420 esse
190 1345 291 1440 leges
308 1341 445 1430 civiles,
462 1339 618 1436 ideoque
641 1343 741 1439 quod
757 1343 944 1440 legislator
959 1371 1143 1443 praeoepe-

94 1460 156 1546 rit,
175 1457 214 1531 id
242 1480 312 1553 pro
341 1454 432 1528 dono
443 1481 458 1538 ;
486 1455 585 1550 quod
608 1456 781 1547 vetuerit,
800 1456 838 1532 id
867 1483 935 1556 pro
962 1460 1059 1533 molo
1077 1460 1142 1533 ho-

97 1572 259 1646 dendum
294 1593 384 1642 esse.
435 1567 640 1664 Legislator
674 1579 797 1644 autem
833 1596 976 1669 semper
1010 1573 1040 1646 is
1073 1581 1141 1661 est,

96 1687 204 1782 cujus
232 1693 288 1757 est
313 1683 351 1755 in
378 1681 528 1754 civitate
545 1681 740 1778 imperium
768 1707 962 1774 summum,
986 1685 1057 1758 hoe
1075 1696 1143 1774 est,

96 1801 136 1872 in
154 1795 368 1870 monarchia
385 1795 594 1868 monarcha.
647 1796 750 1870 Idem
764 1799 1069 1888 confirmavimus,
1084 1823 1144 1874 oa-

97 1912 185 2009 pitis
206 1909 393 1984 undecimi
410 1907 566 1982 articulo
581 1925 699 1998 sext0,
717 1935 762 1983 ex
779 1912 901 1984 verbis
918 1912 1145 1986 Salomonis.

101 2026 294 2122 Siquidem
308 2023 406 2095 enim
418 2022 645 2117 sequendum
659 2033 701 2096 ut
713 2024 862 2116 bonum,
877 2037 914 2100 et
927 2025 1146 2122 fugiendum

100 2151 143 2213 ut
155 2140 307 2228 malum,
321 2147 416 2210 esset
426 2135 476 2226 id,
489 2137 588 2234 quod
603 2137 756 2233 singulis
769 2138 887 2212 visum
897 2139 1021 2230 fuerit,
1037 2162 1147 2235 quor-

100 2278 182 2326 sum
193 2250 487 2349 spectantverba
504 2253 599 2347 ejus:
617 2251 654 2345 (1
676 2252 766 2348 Reg.
782 2252 832 2326 iii.
845 2253 884 2348 9)
900 2251 1025 2326 Dabis·
1038 2278 1146 2326 seruo

100 2377 164 2439 tuo
179 2388 247 2438 eor
262 2363 396 2451 docile,
414 2373 457 2436 ut
463 2362 646 2461 populum
660 2373 760 2437 tuum
764 2365 948 2461 judicare
957 2366 1094 2464 possit,
1109 2375 1147 2438 et

102 2479 325 2552 discernere
343 2474 443 2548 inter
462 2474 590 2548 bonum
608 2485 646 2549 et
664 2476 810 2552 molum.
862 2478 1048 2553 Quoniam
1061 2501 1149 2574 ergo

102 2617 235 2689 regum
253 2601 309 2664 est
327 2590 535 2662 discernere
550 2590 647 2663 inter
662 2590 792 2664 bonum
805 2603 843 2666 et
854 2590 1000 2682 molum,
1014 2591 1151 2687 iniquae

99 2718 193 2780 sunt
219 2705 304 2794 illae,
331 2727 554 2800 quamquam
585 2703 820 2800 quotidianae,
843 2729 973 2779 voces:
1008 2705 1150 2801 Regem

102 2845 200 2908 esse,
216 2817 282 2916 qui
300 2816 545 2914 reetesaoit;
566 2827 604 2889 et
615 2815 773 2914 regibus
787 2841 857 2890 non
872 2841 954 2890 esse
967 2816 1152 2914 obtempe-

103 2933 281 3020 randum,
308 2929 383 3002 uisi
400 2930 511 3024 jueta
531 2929 792 3028 preceperunt
802 2957 817 3013 ;
846 2941 884 3002 et
900 2930 981 3004 aliae
1005 2929 1152 3003 similes,

104 3047 205 3120 Ante
225 3043 391 3139 imperia,
401 3044 547 3137 justum
561 3052 599 3115 et
618 3043 791 3139 injustum
808 3068 884 3117 non
898 3044 1092 3126 exstitere;
1111 3055 1155 3116 ut

106 3182 267 3256 quorum
282 3169 415 3228 natura
428 3154 474 3227 ad
488 3155 702 3228 mandatum
720 3156 768 3229 sit
783 3155 956 3231 relativa:
984 3157 1154 3253 actioque

107 3272 231 3346 omnis
257 3294 324 3342 sua
348 3279 480 3341 natura
505 3268 707 3366 adiaphora
730 3281 811 3353 est;
846 3270 946 3366 quod
959 3271 1071 3365 justo
1096 3270 1155 3343 vel

109 3386 255 3481 injusta
268 3382 360 3472 sit,a
366 3383 449 3478 jure
463 3381 677 3477 imperantis
690 3383 871 3478 provenit.
912 3383 1032 3479 Reges
1042 3383 1156 3480 igitur

109 3496 269 3596 legitimi
297 3518 377 3591 quae
405 3494 601 3590 imperant,
625 3497 728 3592 justo
749 3495 890 3570 faciunt
917 3495 1155 3593 impernnd03

108 3607 672 3708 quaevetantvetandoinjusta.
707 3608 845 3682 Privati
855 3622 979 3682 autem
989 3609 1156 3682 homines

109 3727 199 3798 dum
218 3719 468 3818 cognitionem
491 3719 576 3792 honi
596 3733 634 3794 et
652 3720 742 3794 mali
771 3721 820 3795 ad
845 3747 883 3795 se
910 3723 1074 3811 trahunt,
1093 3745 1156 3794 cu-

111 3839 220 3934 piunt
237 3859 316 3908 esse
334 3832 428 3906 sieut
445 3856 571 3928 reges;
598 3833 697 3930 quod
711 3835 810 3908 salva
827 3835 977 3908 civitate
990 3835 1070 3907 fieri
1082 3859 1157 3908 non

111 3960 246 4048 potest.
299 3947 472 4022 Omnium
489 3947 559 4019 Dei
576 3961 846 4044 praeceptorum
863 3947 1155 4043 antiquissimum

111 4076 168 4139 est
185 4064 293 4158 (Gen.
312 4061 350 4136 ii.
367 4061 427 4154 17)
444 4087 452 4131 ε
479 4056 540 4132 De
554 4059 658 4158 ligno
673 4061 839 4134 scientio
854 4060 937 4134 boni
954 4071 992 4134 et
1005 4061 1096 4134 mali
1113 4087 1158 4134 ne

111 4175 306 4251 eomedas:
325 4185 364 4246 et
375 4171 627 4268 antiquissima
637 4173 884 4247 tentationum
895 4171 1157 4248 diabolicarum
