<?xml version="1.0" encoding="UTF-8"?>
<!DOCTYPE html PUBLIC "-//W3C//DTD XHTML 1.0 Transitional//EN"
    "http://www.w3.org/TR/xhtml1/DTD/xhtml1-transitional.dtd">
<html xmlns="http://www.w3.org/1999/xhtml" xml:lang="en" lang="en">
 <head>
  <title>
</title>
<meta http-equiv="Content-Type" content="text/html;charset=utf-8" />
  <meta name='ocr-system' content='tesseract 3.04.00' />
  <meta name='ocr-capabilities' content='ocr_page ocr_carea ocr_par ocr_line ocrx_word'/>
</head>
<body>
  <div class='ocr_page' id='page_1' title='image "./thomhobbesmalme09hobbgoog_0292.png"; bbox 0 0 2904 4916; ppageno 0'>
   <div class='ocr_carea' id='block_1_1' title="bbox 139 314 1157 397">
    <p class='ocr_par' dir='ltr' id='par_1_1' title="bbox 139 314 1157 397">
     <span class='ocr_line' id='line_1_1' title="bbox 139 314 1157 397; baseline -0.003 -10"><span class='ocrx_word' id='word_1_1' title='bbox 139 331 409 387; x_wconf 80' lang='lat' dir='ltr'>COMPARATIO</span> <span class='ocrx_word' id='word_1_2' title='bbox 425 331 666 388; x_wconf 80' lang='lat' dir='ltr'>SPECIERUM</span> <span class='ocrx_word' id='word_1_3' title='bbox 681 332 819 388; x_wconf 75' lang='lat' dir='ltr'>TRIUM</span> <span class='ocrx_word' id='word_1_4' title='bbox 834 331 1057 386; x_wconf 76' lang='lat' dir='ltr'><strong>clv1‘rarls.</strong></span> <span class='ocrx_word' id='word_1_5' title='bbox 1084 314 1157 397; x_wconf 77' lang='grc'><strong>277</strong></span> 
     </span>
    </p>
   </div>
   <div class='ocr_carea' id='block_1_2' title="bbox 107 497 1375 3084">
    <p class='ocr_par' dir='ltr' id='par_1_2' title="bbox 112 497 1357 1163">
     <span class='ocr_line' id='line_1_2' title="bbox 115 497 1357 594; baseline -0.003 -19"><span class='ocrx_word' id='word_1_6' title='bbox 115 525 201 593; x_wconf 89' lang='lat' dir='ltr'><strong>esse,</strong></span> <span class='ocrx_word' id='word_1_7' title='bbox 230 500 296 574; x_wconf 88' lang='lat' dir='ltr'><strong>sed</strong></span> <span class='ocrx_word' id='word_1_8' title='bbox 321 509 463 590; x_wconf 85' lang='lat' dir='ltr'><strong>contre,</strong></span> <span class='ocrx_word' id='word_1_9' title='bbox 489 497 664 572; x_wconf 87' lang='lat' dir='ltr'><strong>nimirum</strong></span> <span class='ocrx_word' id='word_1_10' title='bbox 689 497 1029 574; x_wconf 76' lang='lat' dir='ltr'><strong>incommoditatem</strong></span> <span class='ocrx_word' id='word_1_11' title='bbox 1054 497 1159 594; x_wconf 86' lang='lat' dir='ltr'><strong>regni</strong></span> <span class='ocrx_word' id='word_1_12' title='bbox 1186 535 1284 586; x_wconf 61' lang='lat' dir='ltr'><strong>sm,</strong></span> <span class='ocrx_word' id='word_1_13' title='bbox 1304 535 1357 586; x_wconf 77' lang='lat'><strong>111,</strong></span> 
     </span>
     <span class='ocr_line' id='line_1_3' title="bbox 113 609 1342 718; baseline -0.004 -31"><span class='ocrx_word' id='word_1_14' title='bbox 113 638 178 710; x_wconf 90' lang='lat' dir='ltr'><strong>per</strong></span> <span class='ocrx_word' id='word_1_15' title='bbox 195 611 367 688; x_wconf 87' lang='lat' dir='ltr'><strong>occidens</strong></span> <span class='ocrx_word' id='word_1_16' title='bbox 384 634 475 701; x_wconf 88' lang='grc' dir='ltr'><strong>θεεθ,</strong></span> <span class='ocrx_word' id='word_1_17' title='bbox 493 609 592 708; x_wconf 93' lang='lat' dir='ltr'><strong>quod</strong></span> <span class='ocrx_word' id='word_1_18' title='bbox 614 633 710 709; x_wconf 83' lang='lat' dir='ltr'><strong>rege</strong></span> <span class='ocrx_word' id='word_1_19' title='bbox 725 634 850 710; x_wconf 81' lang='lat' dir='ltr'><strong>puero</strong></span> <span class='ocrx_word' id='word_1_20' title='bbox 880 609 1025 684; x_wconf 85' lang='lat' dir='ltr'><strong>accidat</strong></span> <span class='ocrx_word' id='word_1_21' title='bbox 1042 633 1158 707; x_wconf 88' lang='lat' dir='ltr'><strong>quan-</strong></span> <span class='ocrx_word' id='word_1_22' title='bbox 1202 613 1342 718; x_wconf 50' lang='lat' dir='ltr'>ss</span> 
     </span>
     <span class='ocr_line' id='line_1_4' title="bbox 115 721 1161 822; baseline -0.005 -23"><span class='ocrx_word' id='word_1_23' title='bbox 115 726 245 822; x_wconf 92' lang='lat' dir='ltr'><strong>doque,</strong></span> <span class='ocrx_word' id='word_1_24' title='bbox 259 735 303 798; x_wconf 90' lang='lat' dir='ltr'><strong>ut</strong></span> <span class='ocrx_word' id='word_1_25' title='bbox 318 723 444 796; x_wconf 85' lang='lat' dir='ltr'><strong>multis</strong></span> <span class='ocrx_word' id='word_1_26' title='bbox 461 745 527 820; x_wconf 92' lang='lat' dir='ltr'><strong>per</strong></span> <span class='ocrx_word' id='word_1_27' title='bbox 540 721 779 795; x_wconf 85' lang='lat' dir='ltr'><strong>ambitionem</strong></span> <span class='ocrx_word' id='word_1_28' title='bbox 802 732 840 796; x_wconf 88' lang='lat' dir='ltr'><strong>et</strong></span> <span class='ocrx_word' id='word_1_29' title='bbox 854 723 930 796; x_wconf 85' lang='lat' dir='ltr'><strong>vim</strong></span> <span class='ocrx_word' id='word_1_30' title='bbox 947 721 987 796; x_wconf 92' lang='lat' dir='ltr'><strong>in</strong></span> <span class='ocrx_word' id='word_1_31' title='bbox 1003 721 1161 796; x_wconf 87' lang='lat' dir='ltr'><strong>concilia</strong></span> 
     </span>
     <span class='ocr_line' id='line_1_5' title="bbox 112 832 1160 934; baseline -0.003 -23"><span class='ocrx_word' id='word_1_32' title='bbox 112 837 261 934; x_wconf 89' lang='lat' dir='ltr'><strong>publica</strong></span> <span class='ocrx_word' id='word_1_33' title='bbox 289 859 368 911; x_wconf 90' lang='grc' dir='ltr'><strong>εθεθ</strong></span> <span class='ocrx_word' id='word_1_34' title='bbox 402 833 689 925; x_wconf 83' lang='lat' dir='ltr'><strong>intrudentibus,</strong></span> <span class='ocrx_word' id='word_1_35' title='bbox 718 833 846 908; x_wconf 86' lang='lat' dir='ltr'><strong>civitas</strong></span> <span class='ocrx_word' id='word_1_36' title='bbox 881 832 1160 908; x_wconf 82' lang='lat' dir='ltr'><strong>administretur</strong></span> 
     </span>
     <span class='ocr_line' id='line_1_6' title="bbox 114 947 1159 1047; baseline -0.007 -21"><span class='ocrx_word' id='word_1_37' title='bbox 114 951 378 1040; x_wconf 83' lang='lat' dir='ltr'><strong>democratice,</strong></span> <span class='ocrx_word' id='word_1_38' title='bbox 396 959 507 1047; x_wconf 86' lang='lat' dir='ltr'><strong>etque</strong></span> <span class='ocrx_word' id='word_1_39' title='bbox 537 973 583 1022; x_wconf 83' lang='lat' dir='ltr'><strong>ex</strong></span> <span class='ocrx_word' id='word_1_40' title='bbox 610 972 656 1022; x_wconf 89' lang='lat' dir='ltr'><strong>eo</strong></span> <span class='ocrx_word' id='word_1_41' title='bbox 680 947 783 1022; x_wconf 86' lang='lat' dir='ltr'><strong>nesci</strong></span> <span class='ocrx_word' id='word_1_42' title='bbox 808 947 1041 1022; x_wconf 83' lang='lat' dir='ltr'><strong>infelicitates</strong></span> <span class='ocrx_word' id='word_1_43' title='bbox 1066 947 1159 1037; x_wconf 84' lang='lat' dir='ltr'><strong>illae,</strong></span> 
     </span>
     <span class='ocr_line' id='line_1_7' title="bbox 114 1060 1158 1163; baseline -0.004 -25"><span class='ocrx_word' id='word_1_44' title='bbox 114 1089 195 1163; x_wconf 82' lang='lat' dir='ltr'><strong>quee</strong></span> <span class='ocrx_word' id='word_1_45' title='bbox 213 1063 410 1162; x_wconf 81' lang='lat' dir='ltr'><strong>imperium</strong></span> <span class='ocrx_word' id='word_1_46' title='bbox 420 1060 560 1162; x_wconf 81' lang='lat' dir='ltr'><strong>populi</strong></span> <span class='ocrx_word' id='word_1_47' title='bbox 572 1061 733 1134; x_wconf 81' lang='lat' dir='ltr'><strong>maximo</strong></span> <span class='ocrx_word' id='word_1_48' title='bbox 747 1073 910 1158; x_wconf 85' lang='lat' dir='ltr'><strong>exparte</strong></span> <span class='ocrx_word' id='word_1_49' title='bbox 922 1061 1158 1135; x_wconf 84' lang='lat' dir='ltr'><strong>comitantur.</strong></span> 
     </span>
    </p>

    <p class='ocr_par' dir='ltr' id='par_1_3' title="bbox 107 1173 1375 2971">
     <span class='ocr_line' id='line_1_8' title="bbox 166 1173 1359 1292; baseline -0.003 -40"><span class='ocrx_word' id='word_1_50' title='bbox 166 1181 224 1262; x_wconf 87' lang='lat'><strong>17.</strong></span> <span class='ocrx_word' id='word_1_51' title='bbox 252 1178 408 1274; x_wconf 85' lang='lat' dir='ltr'><strong>Signum</strong></span> <span class='ocrx_word' id='word_1_52' title='bbox 417 1187 541 1250; x_wconf 87' lang='lat' dir='ltr'><strong>autem</strong></span> <span class='ocrx_word' id='word_1_53' title='bbox 551 1175 651 1271; x_wconf 90' lang='lat' dir='ltr'><strong>quod</strong></span> <span class='ocrx_word' id='word_1_54' title='bbox 659 1173 878 1249; x_wconf 79' lang='lat' dir='ltr'><strong>monarchia</strong></span> <span class='ocrx_word' id='word_1_55' title='bbox 889 1174 1161 1250; x_wconf 87' lang='lat' dir='ltr'><strong>absolutissima</strong></span> <span class='ocrx_word' id='word_1_56' title='bbox 1173 1181 1359 1292; x_wconf 31' lang='lat' dir='ltr'><strong>Mfflffi·</strong></span> 
     </span>
     <span class='ocr_line' id='line_1_9' title="bbox 113 1261 1375 1388; baseline -0.006 -25"><span class='ocrx_word' id='word_1_57' title='bbox 113 1290 273 1363; x_wconf 88' lang='lat' dir='ltr'><strong>civitatis</strong></span> <span class='ocrx_word' id='word_1_58' title='bbox 284 1290 333 1362; x_wconf 89' lang='lat' dir='ltr'><strong>sit</strong></span> <span class='ocrx_word' id='word_1_59' title='bbox 343 1289 502 1385; x_wconf 88' lang='lat' dir='ltr'><strong>optimus</strong></span> <span class='ocrx_word' id='word_1_60' title='bbox 512 1287 677 1361; x_wconf 91' lang='lat' dir='ltr'><strong>omnium</strong></span> <span class='ocrx_word' id='word_1_61' title='bbox 688 1299 817 1378; x_wconf 83' lang='lat' dir='ltr'><strong>statue,</strong></span> <span class='ocrx_word' id='word_1_62' title='bbox 823 1288 1161 1364; x_wconf 83' lang='lat' dir='ltr'><strong>manifestissimum</strong></span> <span class='ocrx_word' id='word_1_63' title='bbox 1173 1261 1375 1388; x_wconf 53' lang='lat' dir='ltr'><strong>lassatasla-</strong></span> 
     </span>
     <span class='ocr_line' id='line_1_10' title="bbox 111 1385 1364 1498; baseline 0 -22"><span class='ocrx_word' id='word_1_64' title='bbox 111 1403 203 1477; x_wconf 92' lang='lat' dir='ltr'><strong>illud</strong></span> <span class='ocrx_word' id='word_1_65' title='bbox 215 1413 282 1492; x_wconf 98' lang='grc' dir='ltr'><strong>θεῖ,</strong></span> <span class='ocrx_word' id='word_1_66' title='bbox 301 1401 402 1498; x_wconf 91' lang='lat' dir='ltr'><strong>quod</strong></span> <span class='ocrx_word' id='word_1_67' title='bbox 416 1425 492 1474; x_wconf 91' lang='lat' dir='ltr'><strong>non</strong></span> <span class='ocrx_word' id='word_1_68' title='bbox 510 1401 628 1475; x_wconf 90' lang='lat' dir='ltr'><strong>solum</strong></span> <span class='ocrx_word' id='word_1_69' title='bbox 644 1424 762 1497; x_wconf 83' lang='lat' dir='ltr'><strong>reges,</strong></span> <span class='ocrx_word' id='word_1_70' title='bbox 782 1401 974 1474; x_wconf 86' lang='lat' dir='ltr'><strong>sedetiam</strong></span> <span class='ocrx_word' id='word_1_71' title='bbox 993 1401 1161 1476; x_wconf 86' lang='lat' dir='ltr'><strong>civitates</strong></span> <span class='ocrx_word' id='word_1_72' title='bbox 1174 1391 1225 1422; x_wconf 70' lang='lat'><strong>⁰⁰⁰¹</strong></span> <span class='ocrx_word' id='word_1_73' title='bbox 1241 1385 1364 1424; x_wconf 54' lang='lat' dir='ltr'><strong>mm</strong></span> 
     </span>
     <span class='ocr_line' id='line_1_11' title="bbox 111 1513 1161 1613; baseline -0.001 -23"><span class='ocrx_word' id='word_1_74' title='bbox 111 1517 196 1606; x_wconf 88' lang='lat' dir='ltr'><strong>illae,</strong></span> <span class='ocrx_word' id='word_1_75' title='bbox 209 1539 293 1611; x_wconf 86' lang='lat' dir='ltr'><strong>quae</strong></span> <span class='ocrx_word' id='word_1_76' title='bbox 303 1515 448 1613; x_wconf 83' lang='lat' dir='ltr'><strong>populo</strong></span> <span class='ocrx_word' id='word_1_77' title='bbox 466 1524 504 1587; x_wconf 89' lang='lat' dir='ltr'><strong>et</strong></span> <span class='ocrx_word' id='word_1_78' title='bbox 521 1513 764 1612; x_wconf 72' lang='lat' dir='ltr'><strong>optimatibus</strong></span> <span class='ocrx_word' id='word_1_79' title='bbox 781 1515 956 1611; x_wconf 88' lang='lat' dir='ltr'><strong>subjectae</strong></span> <span class='ocrx_word' id='word_1_80' title='bbox 973 1528 1071 1605; x_wconf 90' lang='lat' dir='ltr'><strong>sunt,</strong></span> <span class='ocrx_word' id='word_1_81' title='bbox 1085 1541 1161 1591; x_wconf 94' lang='lat' dir='ltr'><strong>non</strong></span> 
     </span>
     <span class='ocr_line' id='line_1_12' title="bbox 111 1627 1161 1726; baseline -0.002 -22"><span class='ocrx_word' id='word_1_82' title='bbox 111 1631 182 1704; x_wconf 85' lang='lat' dir='ltr'><strong>nisi</strong></span> <span class='ocrx_word' id='word_1_83' title='bbox 200 1629 266 1702; x_wconf 92' lang='lat' dir='ltr'><strong>uni</strong></span> <span class='ocrx_word' id='word_1_84' title='bbox 291 1629 360 1702; x_wconf 86' lang='lat' dir='ltr'><strong>soli</strong></span> <span class='ocrx_word' id='word_1_85' title='bbox 385 1638 507 1702; x_wconf 87' lang='lat' dir='ltr'><strong>totum</strong></span> <span class='ocrx_word' id='word_1_86' title='bbox 526 1627 614 1701; x_wconf 89' lang='lat' dir='ltr'><strong>belli</strong></span> <span class='ocrx_word' id='word_1_87' title='bbox 638 1627 834 1723; x_wconf 90' lang='lat' dir='ltr'><strong>imperium</strong></span> <span class='ocrx_word' id='word_1_88' title='bbox 853 1627 1034 1718; x_wconf 84' lang='lat' dir='ltr'><strong>deferunt,</strong></span> <span class='ocrx_word' id='word_1_89' title='bbox 1050 1629 1161 1726; x_wconf 90' lang='lat' dir='ltr'><strong>idque</strong></span> 
     </span>
     <span class='ocr_line' id='line_1_13' title="bbox 110 1741 1161 1839; baseline 0.002 -24"><span class='ocrx_word' id='word_1_90' title='bbox 110 1743 162 1818; x_wconf 84' lang='lat' dir='ltr'><strong>ita</strong></span> <span class='ocrx_word' id='word_1_91' title='bbox 179 1743 402 1832; x_wconf 89' lang='lat' dir='ltr'><strong>absolutum,</strong></span> <span class='ocrx_word' id='word_1_92' title='bbox 415 1753 458 1816; x_wconf 91' lang='lat' dir='ltr'><strong>nt</strong></span> <span class='ocrx_word' id='word_1_93' title='bbox 475 1741 567 1816; x_wconf 93' lang='lat' dir='ltr'><strong>nihil</strong></span> <span class='ocrx_word' id='word_1_94' title='bbox 584 1741 701 1837; x_wconf 89' lang='lat' dir='ltr'><strong>possit</strong></span> <span class='ocrx_word' id='word_1_95' title='bbox 715 1765 792 1816; x_wconf 87' lang='lat' dir='ltr'><strong>esse</strong></span> <span class='ocrx_word' id='word_1_96' title='bbox 810 1741 977 1838; x_wconf 87' lang='lat' dir='ltr'><strong>amplius.</strong></span> <span class='ocrx_word' id='word_1_97' title='bbox 1029 1743 1073 1816; x_wconf 96' lang='lat' dir='ltr'><strong>In</strong></span> <span class='ocrx_word' id='word_1_98' title='bbox 1088 1766 1161 1839; x_wconf 91' lang='lat' dir='ltr'><strong>quo</strong></span> 
     </span>
     <span class='ocr_line' id='line_1_14' title="bbox 111 1855 1161 1952; baseline 0.001 -23"><span class='ocrx_word' id='word_1_99' title='bbox 111 1857 232 1929; x_wconf 88' lang='lat' dir='ltr'><strong>obiter</strong></span> <span class='ocrx_word' id='word_1_100' title='bbox 258 1855 463 1929; x_wconf 88' lang='lat' dir='ltr'><strong>notandum</strong></span> <span class='ocrx_word' id='word_1_101' title='bbox 491 1879 637 1952; x_wconf 87' lang='lat' dir='ltr'><strong>quoqne</strong></span> <span class='ocrx_word' id='word_1_102' title='bbox 662 1855 734 1928; x_wconf 91' lang='lat' dir='ltr'><strong>hoo</strong></span> <span class='ocrx_word' id='word_1_103' title='bbox 752 1868 820 1946; x_wconf 89' lang='lat' dir='ltr'><strong>est,</strong></span> <span class='ocrx_word' id='word_1_104' title='bbox 840 1856 940 1952; x_wconf 85' lang='lat' dir='ltr'><strong>quod</strong></span> <span class='ocrx_word' id='word_1_105' title='bbox 957 1879 1022 1930; x_wconf 88' lang='lat' dir='ltr'><strong>rex</strong></span> <span class='ocrx_word' id='word_1_106' title='bbox 1039 1855 1161 1930; x_wconf 82' lang='lat' dir='ltr'><strong>nullus</strong></span> 
     </span>
     <span class='ocr_line' id='line_1_15' title="bbox 111 1967 1161 2066; baseline 0 -24"><span class='ocrx_word' id='word_1_107' title='bbox 111 1969 197 2044; x_wconf 88' lang='lat' dir='ltr'><strong>duci</strong></span> <span class='ocrx_word' id='word_1_108' title='bbox 226 1969 310 2064; x_wconf 90' lang='lat' dir='ltr'><strong>plus</strong></span> <span class='ocrx_word' id='word_1_109' title='bbox 337 1967 481 2064; x_wconf 91' lang='lat' dir='ltr'><strong>imperii</strong></span> <span class='ocrx_word' id='word_1_110' title='bbox 507 1968 546 2040; x_wconf 90' lang='lat' dir='ltr'><strong>in</strong></span> <span class='ocrx_word' id='word_1_111' title='bbox 574 1968 778 2041; x_wconf 86' lang='lat' dir='ltr'><strong>exercitum</strong></span> <span class='ocrx_word' id='word_1_112' title='bbox 805 1969 1019 2060; x_wconf 85' lang='lat' dir='ltr'><strong>concedere,</strong></span> <span class='ocrx_word' id='word_1_113' title='bbox 1051 1993 1161 2066; x_wconf 86' lang='lat' dir='ltr'><strong>qnam</strong></span> 
     </span>
     <span class='ocr_line' id='line_1_16' title="bbox 109 2081 1162 2178; baseline 0 -24"><span class='ocrx_word' id='word_1_114' title='bbox 109 2082 188 2177; x_wconf 89' lang='lat' dir='ltr'><strong>ipse</strong></span> <span class='ocrx_word' id='word_1_115' title='bbox 213 2081 254 2154; x_wconf 91' lang='lat' dir='ltr'><strong>in</strong></span> <span class='ocrx_word' id='word_1_116' title='bbox 277 2081 374 2153; x_wconf 87' lang='lat' dir='ltr'><strong>cives</strong></span> <span class='ocrx_word' id='word_1_117' title='bbox 393 2102 520 2154; x_wconf 85' lang='lat' dir='ltr'><strong>omnes</strong></span> <span class='ocrx_word' id='word_1_118' title='bbox 538 2103 708 2154; x_wconf 85' lang='lat' dir='ltr'><strong>exercere</strong></span> <span class='ocrx_word' id='word_1_119' title='bbox 722 2081 805 2177; x_wconf 89' lang='lat' dir='ltr'><strong>jure</strong></span> <span class='ocrx_word' id='word_1_120' title='bbox 822 2081 950 2178; x_wconf 88' lang='lat' dir='ltr'><strong>possit.</strong></span> <span class='ocrx_word' id='word_1_121' title='bbox 1001 2081 1162 2154; x_wconf 83' lang='lat' dir='ltr'><strong>Monar-</strong></span> 
     </span>
     <span class='ocr_line' id='line_1_17' title="bbox 110 2193 1160 2291; baseline 0.002 -24"><span class='ocrx_word' id='word_1_122' title='bbox 110 2193 200 2268; x_wconf 83' lang='lat' dir='ltr'><strong>clria</strong></span> <span class='ocrx_word' id='word_1_123' title='bbox 224 2193 351 2290; x_wconf 79' lang='lat' dir='ltr'><strong>itaque</strong></span> <span class='ocrx_word' id='word_1_124' title='bbox 379 2193 544 2266; x_wconf 91' lang='lat' dir='ltr'><strong>omnium</strong></span> <span class='ocrx_word' id='word_1_125' title='bbox 571 2193 750 2290; x_wconf 90' lang='lat' dir='ltr'><strong>optimum</strong></span> <span class='ocrx_word' id='word_1_126' title='bbox 777 2194 816 2267; x_wconf 91' lang='lat' dir='ltr'><strong>in</strong></span> <span class='ocrx_word' id='word_1_127' title='bbox 844 2195 973 2268; x_wconf 84' lang='lat' dir='ltr'><strong>castris</strong></span> <span class='ocrx_word' id='word_1_128' title='bbox 996 2194 1160 2291; x_wconf 87' lang='lat' dir='ltr'><strong>regimen</strong></span> 
     </span>
     <span class='ocr_line' id='line_1_18' title="bbox 108 2306 1163 2406; baseline 0.001 -26"><span class='ocrx_word' id='word_1_129' title='bbox 108 2319 176 2382; x_wconf 90' lang='grc' dir='ltr'><strong>θεῖ.</strong></span> <span class='ocrx_word' id='word_1_130' title='bbox 206 2306 310 2381; x_wconf 77' lang='lat' dir='ltr'><strong>Quid</strong></span> <span class='ocrx_word' id='word_1_131' title='bbox 327 2319 449 2380; x_wconf 86' lang='lat' dir='ltr'><strong>autem</strong></span> <span class='ocrx_word' id='word_1_132' title='bbox 460 2307 561 2380; x_wconf 88' lang='lat' dir='ltr'><strong>aliud</strong></span> <span class='ocrx_word' id='word_1_133' title='bbox 579 2307 797 2403; x_wconf 90' lang='lat' dir='ltr'><strong>suntplures</strong></span> <span class='ocrx_word' id='word_1_134' title='bbox 809 2309 1039 2406; x_wconf 83' lang='lat' dir='ltr'><strong>respublicae,</strong></span> <span class='ocrx_word' id='word_1_135' title='bbox 1051 2333 1163 2405; x_wconf 87' lang='lat' dir='ltr'><strong>quam</strong></span> 
     </span>
     <span class='ocr_line' id='line_1_19' title="bbox 109 2420 1162 2516; baseline 0 -22"><span class='ocrx_word' id='word_1_136' title='bbox 109 2421 270 2494; x_wconf 88' lang='lat' dir='ltr'><strong>totidem</strong></span> <span class='ocrx_word' id='word_1_137' title='bbox 289 2431 409 2495; x_wconf 85' lang='lat' dir='ltr'><strong>castro</strong></span> <span class='ocrx_word' id='word_1_138' title='bbox 424 2420 605 2516; x_wconf 86' lang='lat' dir='ltr'><strong>praesidiis</strong></span> <span class='ocrx_word' id='word_1_139' title='bbox 622 2431 660 2493; x_wconf 91' lang='lat' dir='ltr'><strong>et</strong></span> <span class='ocrx_word' id='word_1_140' title='bbox 672 2422 783 2496; x_wconf 87' lang='lat' dir='ltr'><strong>armis</strong></span> <span class='ocrx_word' id='word_1_141' title='bbox 801 2434 932 2495; x_wconf 89' lang='lat' dir='ltr'><strong>contra</strong></span> <span class='ocrx_word' id='word_1_142' title='bbox 949 2445 988 2495; x_wconf 88' lang='lat' dir='ltr'><strong>se</strong></span> <span class='ocrx_word' id='word_1_143' title='bbox 1005 2421 1162 2494; x_wconf 90' lang='lat' dir='ltr'><strong>invicem</strong></span> 
     </span>
     <span class='ocr_line' id='line_1_20' title="bbox 108 2533 1162 2632; baseline 0.002 -26"><span class='ocrx_word' id='word_1_144' title='bbox 108 2533 278 2618; x_wconf 87' lang='lat' dir='ltr'><strong>munita;</strong></span> <span class='ocrx_word' id='word_1_145' title='bbox 306 2557 462 2629; x_wconf 90' lang='lat' dir='ltr'><strong>quorum</strong></span> <span class='ocrx_word' id='word_1_146' title='bbox 488 2543 605 2608; x_wconf 86' lang='lat' dir='ltr'><strong>statue</strong></span> <span class='ocrx_word' id='word_1_147' title='bbox 636 2533 737 2630; x_wconf 84' lang='lat' dir='ltr'><strong>(quia</strong></span> <span class='ocrx_word' id='word_1_148' title='bbox 763 2533 865 2608; x_wconf 92' lang='lat' dir='ltr'><strong>nulla</strong></span> <span class='ocrx_word' id='word_1_149' title='bbox 890 2535 1077 2609; x_wconf 90' lang='lat' dir='ltr'><strong>communi</strong></span> <span class='ocrx_word' id='word_1_150' title='bbox 1096 2561 1162 2632; x_wconf 93' lang='lat' dir='ltr'><strong>po-</strong></span> 
     </span>
     <span class='ocr_line' id='line_1_21' title="bbox 108 2647 1163 2744; baseline 0.001 -24"><span class='ocrx_word' id='word_1_151' title='bbox 108 2647 230 2720; x_wconf 88' lang='lat' dir='ltr'><strong>tentia</strong></span> <span class='ocrx_word' id='word_1_152' title='bbox 261 2651 493 2736; x_wconf 74' lang='lat' dir='ltr'><strong>coercentur,</strong></span> <span class='ocrx_word' id='word_1_153' title='bbox 524 2658 711 2744; x_wconf 88' lang='lat' dir='ltr'><strong>utcunque</strong></span> <span class='ocrx_word' id='word_1_154' title='bbox 730 2647 871 2721; x_wconf 90' lang='lat' dir='ltr'><strong>incerta</strong></span> <span class='ocrx_word' id='word_1_155' title='bbox 888 2671 959 2744; x_wconf 85' lang='lat' dir='ltr'><strong>pax</strong></span> <span class='ocrx_word' id='word_1_156' title='bbox 986 2658 1163 2744; x_wconf 87' lang='lat' dir='ltr'><strong>tanquam</strong></span> 
     </span>
     <span class='ocr_line' id='line_1_22' title="bbox 107 2759 1162 2858; baseline -0.001 -24"><span class='ocrx_word' id='word_1_157' title='bbox 107 2760 272 2834; x_wconf 85' lang='lat' dir='ltr'><strong>induciae</strong></span> <span class='ocrx_word' id='word_1_158' title='bbox 297 2762 427 2834; x_wconf 90' lang='lat' dir='ltr'><strong>breves</strong></span> <span class='ocrx_word' id='word_1_159' title='bbox 453 2759 674 2855; x_wconf 89' lang='lat' dir='ltr'><strong>intercedat)</strong></span> <span class='ocrx_word' id='word_1_160' title='bbox 694 2785 763 2858; x_wconf 89' lang='lat' dir='ltr'><strong>pro</strong></span> <span class='ocrx_word' id='word_1_161' title='bbox 787 2771 886 2836; x_wconf 85' lang='lat' dir='ltr'><strong>statu</strong></span> <span class='ocrx_word' id='word_1_162' title='bbox 903 2761 1072 2850; x_wconf 85' lang='lat' dir='ltr'><strong>naturali,</strong></span> <span class='ocrx_word' id='word_1_163' title='bbox 1090 2761 1162 2834; x_wconf 93' lang='lat' dir='ltr'><strong>hoc</strong></span> 
     </span>
     <span class='ocr_line' id='line_1_23' title="bbox 107 2872 799 2971; baseline 0.001 -25"><span class='ocrx_word' id='word_1_164' title='bbox 107 2885 178 2966; x_wconf 87' lang='grc' dir='ltr'><strong>θεῖ,</strong></span> <span class='ocrx_word' id='word_1_165' title='bbox 197 2898 267 2971; x_wconf 90' lang='lat' dir='ltr'><strong>pro</strong></span> <span class='ocrx_word' id='word_1_166' title='bbox 287 2883 386 2947; x_wconf 86' lang='lat' dir='ltr'><strong>statu</strong></span> <span class='ocrx_word' id='word_1_167' title='bbox 402 2875 489 2948; x_wconf 91' lang='lat' dir='ltr'><strong>belli</strong></span> <span class='ocrx_word' id='word_1_168' title='bbox 506 2872 697 2949; x_wconf 87' lang='lat' dir='ltr'><strong>habendus</strong></span> <span class='ocrx_word' id='word_1_169' title='bbox 715 2874 799 2950; x_wconf 86' lang='lat' dir='ltr'><strong>est?</strong></span> 
     </span>
    </p>

    <p class='ocr_par' dir='ltr' id='par_1_4' title="bbox 163 2987 1359 3084">
     <span class='ocr_line' id='line_1_24' title="bbox 163 2987 1359 3084; baseline 0.005 -24"><span class='ocrx_word' id='word_1_170' title='bbox 163 2995 224 3060; x_wconf 91' lang='lat'><strong>18.</strong></span> <span class='ocrx_word' id='word_1_171' title='bbox 253 2988 455 3077; x_wconf 90' lang='lat' dir='ltr'><strong>Postremo,</strong></span> <span class='ocrx_word' id='word_1_172' title='bbox 482 2987 655 3084; x_wconf 85' lang='lat' dir='ltr'><strong>quoniam</strong></span> <span class='ocrx_word' id='word_1_173' title='bbox 673 2987 721 3061; x_wconf 89' lang='lat' dir='ltr'><strong>od</strong></span> <span class='ocrx_word' id='word_1_174' title='bbox 744 2987 1060 3062; x_wconf 87' lang='lat' dir='ltr'><strong>conservationem</strong></span> <span class='ocrx_word' id='word_1_175' title='bbox 1077 3009 1162 3060; x_wconf 86' lang='lat' dir='ltr'><strong>nos·</strong></span> <span class='ocrx_word' id='word_1_176' title='bbox 1176 3021 1359 3079; x_wconf 62' lang='lat' dir='ltr'><strong>opemque.</strong></span> 
     </span>
    </p>
   </div>
   <div class='ocr_carea' id='block_1_3' title="bbox 1133 3087 1368 3140">
    <p class='ocr_par' dir='ltr' id='par_1_5' title="bbox 1133 3087 1368 3140">
     <span class='ocr_line' id='line_1_25' title="bbox 1133 3087 1368 3140; baseline -0.004 -7"><span class='ocrx_word' id='word_1_177' title='bbox 1133 3100 1140 3116; x_wconf 79' lang='lat'>⁸</span> <span class='ocrx_word' id='word_1_178' title='bbox 1175 3087 1270 3132; x_wconf 78' lang='lat' dir='ltr'><strong>civitatis</strong></span> <span class='ocrx_word' id='word_1_179' title='bbox 1280 3093 1320 3140; x_wconf 80' lang='lat' dir='ltr'><strong>aet,</strong></span> <span class='ocrx_word' id='word_1_180' title='bbox 1330 3089 1368 3132; x_wconf 88' lang='lat' dir='ltr'><strong>ubl</strong></span> 
     </span>
    </p>
   </div>
   <div class='ocr_carea' id='block_1_4' title="bbox 102 3098 1375 4344">
    <p class='ocr_par' dir='ltr' id='par_1_6' title="bbox 102 3098 1375 4344">
     <span class='ocr_line' id='line_1_26' title="bbox 106 3098 1375 3211; baseline -0.001 -39"><span class='ocrx_word' id='word_1_181' title='bbox 106 3111 208 3174; x_wconf 90' lang='lat' dir='ltr'><strong>tram</strong></span> <span class='ocrx_word' id='word_1_182' title='bbox 237 3098 403 3172; x_wconf 86' lang='lat' dir='ltr'><strong>subditos</strong></span> <span class='ocrx_word' id='word_1_183' title='bbox 428 3123 497 3173; x_wconf 90' lang='lat' dir='ltr'><strong>nos</strong></span> <span class='ocrx_word' id='word_1_184' title='bbox 524 3124 602 3174; x_wconf 86' lang='grc' dir='ltr'><strong>θεεθ</strong></span> <span class='ocrx_word' id='word_1_185' title='bbox 629 3100 738 3174; x_wconf 86' lang='lat' dir='ltr'><strong>alicui</strong></span> <span class='ocrx_word' id='word_1_186' title='bbox 758 3101 896 3174; x_wconf 76' lang='lat' dir='ltr'><strong>homiru‘</strong></span> <span class='ocrx_word' id='word_1_187' title='bbox 921 3100 979 3174; x_wconf 88' lang='lat' dir='ltr'><strong>vel</strong></span> <span class='ocrx_word' id='word_1_188' title='bbox 1003 3099 1161 3172; x_wconf 68' lang='lat' dir='ltr'><strong>concilio</strong></span> <span class='ocrx_word' id='word_1_189' title='bbox 1175 3153 1235 3196; x_wconf 54' lang='lat' dir='ltr'><strong>,m</strong></span> <span class='ocrx_word' id='word_1_190' title='bbox 1248 3153 1375 3211; x_wconf 51' lang='lat' dir='ltr'><strong>„wem</strong></span> 
     </span>
     <span class='ocr_line' id='line_1_27' title="bbox 106 3212 1365 3309; baseline 0.002 -25"><span class='ocrx_word' id='word_1_191' title='bbox 106 3212 360 3287; x_wconf 88' lang='lat' dir='ltr'><strong>necessarium</strong></span> <span class='ocrx_word' id='word_1_192' title='bbox 371 3221 462 3302; x_wconf 88' lang='lat' dir='ltr'><strong>erat,</strong></span> <span class='ocrx_word' id='word_1_193' title='bbox 481 3213 621 3309; x_wconf 88' lang='lat' dir='ltr'><strong>optima</strong></span> <span class='ocrx_word' id='word_1_194' title='bbox 633 3213 845 3287; x_wconf 88' lang='lat' dir='ltr'><strong>conditione</strong></span> <span class='ocrx_word' id='word_1_195' title='bbox 863 3213 916 3286; x_wconf 89' lang='lat' dir='ltr'><strong>illi</strong></span> <span class='ocrx_word' id='word_1_196' title='bbox 934 3213 1161 3309; x_wconf 90' lang='lat' dir='ltr'><strong>subjicimur,</strong></span> <span class='ocrx_word' id='word_1_197' title='bbox 1174 3223 1228 3261; x_wconf 56' lang='lat' dir='ltr'><strong>”¹¹st</strong></span> <span class='ocrx_word' id='word_1_198' title='bbox 1244 3217 1365 3262; x_wconf 54' lang='lat' dir='ltr'><strong>hwile*</strong></span> 
     </span>
     <span class='ocr_line' id='line_1_28' title="bbox 107 3324 1161 3424; baseline 0.002 -24"><span class='ocrx_word' id='word_1_199' title='bbox 107 3329 216 3423; x_wconf 89' lang='lat' dir='ltr'><strong>cujus</strong></span> <span class='ocrx_word' id='word_1_200' title='bbox 230 3326 385 3399; x_wconf 88' lang='lat' dir='ltr'><strong>interest</strong></span> <span class='ocrx_word' id='word_1_201' title='bbox 396 3334 439 3397; x_wconf 89' lang='lat' dir='ltr'><strong>ut</strong></span> <span class='ocrx_word' id='word_1_202' title='bbox 457 3324 547 3398; x_wconf 86' lang='lat' dir='ltr'><strong>salvi</strong></span> <span class='ocrx_word' id='word_1_203' title='bbox 560 3335 597 3399; x_wconf 88' lang='grc' dir='ltr'><strong>θῖ</strong></span> <span class='ocrx_word' id='word_1_204' title='bbox 612 3326 691 3398; x_wconf 85' lang='lat' dir='ltr'><strong>sani</strong></span> <span class='ocrx_word' id='word_1_205' title='bbox 705 3327 829 3400; x_wconf 79' lang='lat' dir='ltr'><strong>simus</strong></span> <span class='ocrx_word' id='word_1_206' title='bbox 880 3328 1004 3424; x_wconf 88' lang='lat' dir='ltr'><strong>Atque</strong></span> <span class='ocrx_word' id='word_1_207' title='bbox 1018 3326 1090 3400; x_wconf 90' lang='lat' dir='ltr'><strong>hoc</strong></span> <span class='ocrx_word' id='word_1_208' title='bbox 1106 3329 1161 3417; x_wconf 91' lang='lat' dir='ltr'><strong>fit,</strong></span> 
     </span>
     <span class='ocr_line' id='line_1_29' title="bbox 105 3437 1163 3538; baseline 0.002 -25"><span class='ocrx_word' id='word_1_209' title='bbox 105 3438 261 3537; x_wconf 89' lang='lat' dir='ltr'><strong>quando</strong></span> <span class='ocrx_word' id='word_1_210' title='bbox 283 3438 496 3533; x_wconf 87' lang='lat' dir='ltr'><strong>imperantis</strong></span> <span class='ocrx_word' id='word_1_211' title='bbox 523 3437 720 3513; x_wconf 77' lang='lat' dir='ltr'><strong>haereditas</strong></span> <span class='ocrx_word' id='word_1_212' title='bbox 738 3463 886 3525; x_wconf 88' lang='lat' dir='ltr'><strong>sumus;</strong></span> <span class='ocrx_word' id='word_1_213' title='bbox 912 3441 1163 3538; x_wconf 87' lang='lat' dir='ltr'><strong>unusquisque</strong></span> 
     </span>
     <span class='ocr_line' id='line_1_30' title="bbox 106 3553 1163 3648; baseline 0.003 -22"><span class='ocrx_word' id='word_1_214' title='bbox 106 3555 210 3627; x_wconf 90' lang='lat' dir='ltr'><strong>enim</strong></span> <span class='ocrx_word' id='word_1_215' title='bbox 229 3563 362 3648; x_wconf 85' lang='lat' dir='ltr'><strong>sponte</strong></span> <span class='ocrx_word' id='word_1_216' title='bbox 375 3576 442 3625; x_wconf 84' lang='lat' dir='ltr'><strong>sua</strong></span> <span class='ocrx_word' id='word_1_217' title='bbox 458 3553 713 3626; x_wconf 85' lang='lat' dir='ltr'><strong>haereditatem</strong></span> <span class='ocrx_word' id='word_1_218' title='bbox 731 3577 834 3627; x_wconf 88' lang='lat' dir='ltr'><strong>suam</strong></span> <span class='ocrx_word' id='word_1_219' title='bbox 851 3578 1069 3628; x_wconf 85' lang='lat' dir='ltr'><strong>conservare</strong></span> <span class='ocrx_word' id='word_1_220' title='bbox 1087 3565 1163 3629; x_wconf 86' lang='lat' dir='ltr'><strong>stu-</strong></span> 
     </span>
     <span class='ocr_line' id='line_1_31' title="bbox 105 3669 1161 3768; baseline 0 -23"><span class='ocrx_word' id='word_1_221' title='bbox 105 3670 184 3745; x_wconf 88' lang='lat' dir='ltr'><strong>det.</strong></span> <span class='ocrx_word' id='word_1_222' title='bbox 241 3669 337 3742; x_wconf 90' lang='lat' dir='ltr'><strong>Sunt</strong></span> <span class='ocrx_word' id='word_1_223' title='bbox 368 3681 492 3742; x_wconf 86' lang='lat' dir='ltr'><strong>outem</strong></span> <span class='ocrx_word' id='word_1_224' title='bbox 520 3670 655 3742; x_wconf 85' lang='lat' dir='ltr'><strong>civium</strong></span> <span class='ocrx_word' id='word_1_225' title='bbox 684 3695 758 3744; x_wconf 92' lang='lat' dir='ltr'><strong>non</strong></span> <span class='ocrx_word' id='word_1_226' title='bbox 786 3671 892 3744; x_wconf 83' lang='lat' dir='ltr'><strong>frmdi</strong></span> <span class='ocrx_word' id='word_1_227' title='bbox 919 3683 958 3744; x_wconf 89' lang='lat' dir='ltr'><strong>et</strong></span> <span class='ocrx_word' id='word_1_228' title='bbox 984 3671 1161 3768; x_wconf 88' lang='lat' dir='ltr'><strong>pecuniae,</strong></span> 
     </span>
     <span class='ocr_line' id='line_1_32' title="bbox 105 3783 1162 3881; baseline 0.002 -24"><span class='ocrx_word' id='word_1_229' title='bbox 105 3784 175 3857; x_wconf 88' lang='lat' dir='ltr'><strong>sed</strong></span> <span class='ocrx_word' id='word_1_230' title='bbox 195 3805 354 3878; x_wconf 87' lang='lat' dir='ltr'><strong>corpore</strong></span> <span class='ocrx_word' id='word_1_231' title='bbox 371 3793 409 3855; x_wconf 93' lang='lat' dir='ltr'><strong>et</strong></span> <span class='ocrx_word' id='word_1_232' title='bbox 435 3783 548 3856; x_wconf 87' lang='lat' dir='ltr'><strong>animi</strong></span> <span class='ocrx_word' id='word_1_233' title='bbox 566 3783 688 3880; x_wconf 85' lang='lat' dir='ltr'><strong>vegeti</strong></span> <span class='ocrx_word' id='word_1_234' title='bbox 705 3785 914 3881; x_wconf 89' lang='lat' dir='ltr'><strong>principum</strong></span> <span class='ocrx_word' id='word_1_235' title='bbox 937 3785 1096 3859; x_wconf 86' lang='lat' dir='ltr'><strong>divitiae:</strong></span> <span class='ocrx_word' id='word_1_236' title='bbox 1124 3785 1162 3859; x_wconf 93' lang='lat' dir='ltr'><strong>id</strong></span> 
     </span>
     <span class='ocr_line' id='line_1_33' title="bbox 105 3893 1162 3993; baseline -0.002 -23"><span class='ocrx_word' id='word_1_237' title='bbox 105 3895 214 3993; x_wconf 94' lang='lat' dir='ltr'><strong>quod</strong></span> <span class='ocrx_word' id='word_1_238' title='bbox 241 3893 350 3968; x_wconf 87' lang='lat' dir='ltr'><strong>facile</strong></span> <span class='ocrx_word' id='word_1_239' title='bbox 378 3895 602 3969; x_wconf 88' lang='lat' dir='ltr'><strong>concedetur</strong></span> <span class='ocrx_word' id='word_1_240' title='bbox 631 3896 677 3969; x_wconf 84' lang='lat' dir='ltr'><strong>ab</strong></span> <span class='ocrx_word' id='word_1_241' title='bbox 702 3897 760 3986; x_wconf 89' lang='lat' dir='ltr'><strong>iis,</strong></span> <span class='ocrx_word' id='word_1_242' title='bbox 780 3897 843 3993; x_wconf 89' lang='lat' dir='ltr'><strong>qui</strong></span> <span class='ocrx_word' id='word_1_243' title='bbox 864 3897 1162 3971; x_wconf 86' lang='lat' dir='ltr'><strong>animadvertunt</strong></span> 
     </span>
     <span class='ocr_line' id='line_1_34' title="bbox 102 4007 1162 4107; baseline -0.001 -24"><span class='ocrx_word' id='word_1_244' title='bbox 102 4033 222 4107; x_wconf 92' lang='lat' dir='ltr'><strong>quam</strong></span> <span class='ocrx_word' id='word_1_245' title='bbox 239 4007 384 4103; x_wconf 80' lang='lat' dir='ltr'><strong>magnis</strong></span> <span class='ocrx_word' id='word_1_246' title='bbox 401 4008 568 4105; x_wconf 88' lang='lat' dir='ltr'><strong>pecuniis</strong></span> <span class='ocrx_word' id='word_1_247' title='bbox 581 4031 779 4103; x_wconf 85' lang='lat' dir='ltr'><strong>parvarum</strong></span> <span class='ocrx_word' id='word_1_248' title='bbox 793 4010 985 4092; x_wconf 83' lang='lat' dir='ltr'><strong>civitatum</strong></span> <span class='ocrx_word' id='word_1_249' title='bbox 999 4008 1162 4082; x_wconf 87' lang='lat' dir='ltr'><strong>dominia</strong></span> 
     </span>
     <span class='ocr_line' id='line_1_35' title="bbox 103 4122 1159 4219; baseline 0 -23"><span class='ocrx_word' id='word_1_250' title='bbox 103 4122 354 4208; x_wconf 66' lang='lat' dir='ltr'><strong>aestimantur,</strong></span> <span class='ocrx_word' id='word_1_251' title='bbox 372 4132 410 4195; x_wconf 89' lang='lat' dir='ltr'><strong>et</strong></span> <span class='ocrx_word' id='word_1_252' title='bbox 428 4135 567 4218; x_wconf 86' lang='lat' dir='ltr'><strong>quanto</strong></span> <span class='ocrx_word' id='word_1_253' title='bbox 588 4122 730 4196; x_wconf 88' lang='lat' dir='ltr'><strong>facilius</strong></span> <span class='ocrx_word' id='word_1_254' title='bbox 757 4124 923 4196; x_wconf 91' lang='lat' dir='ltr'><strong>homines</strong></span> <span class='ocrx_word' id='word_1_255' title='bbox 952 4124 1159 4219; x_wconf 89' lang='lat' dir='ltr'><strong>pecuniam,</strong></span> 
     </span>
     <span class='ocr_line' id='line_1_36' title="bbox 104 4235 1160 4344; baseline 0 -34"><span class='ocrx_word' id='word_1_256' title='bbox 104 4261 223 4334; x_wconf 86' lang='lat' dir='ltr'><strong>quam</strong></span> <span class='ocrx_word' id='word_1_257' title='bbox 241 4235 399 4344; x_wconf 85' lang='lat' dir='ltr'><strong>pecunia</strong></span> <span class='ocrx_word' id='word_1_258' title='bbox 416 4236 582 4308; x_wconf 88' lang='lat' dir='ltr'><strong>homines</strong></span> <span class='ocrx_word' id='word_1_259' title='bbox 597 4237 764 4330; x_wconf 81' lang='lat' dir='ltr'><strong>acquirit.</strong></span> <span class='ocrx_word' id='word_1_260' title='bbox 811 4238 940 4332; x_wconf 89' lang='lat' dir='ltr'><strong>Neque</strong></span> <span class='ocrx_word' id='word_1_261' title='bbox 955 4239 1160 4332; x_wconf 89' lang='lat' dir='ltr'><strong>exemplum</strong></span> 
     </span>
    </p>
   </div>
   <div class='ocr_carea' id='block_1_5' title="bbox 0 0 1456 4916">
    <p class='ocr_par' dir='ltr' id='par_1_7' title="bbox 0 0 1456 4916">
     <span class='ocr_line' id='line_1_37' title="bbox 0 0 1456 4916; baseline 0 4"><span class='ocrx_word' id='word_1_262' title='bbox 0 0 1456 4916; x_wconf 95' lang='lat' dir='ltr'><strong> </strong></span> 
     </span>
    </p>
   </div>
  </div>
 </body>
</html>
