2896 4914
290 301 338 370 36
681 316 735 368 nn
756 317 938 370 uommu.

99 519 198 574 saco
210 520 248 574 11
341 494 376 560 8.
404 487 602 573 Postremo,
625 484 656 557 si
680 508 747 581 per
768 484 934 559 foramen
960 485 1134 582 exiguum
1163 485 1223 558 vel
1249 510 1337 583 per-

105 599 480 704 ·specillum
502 623 576 673 uno
600 609 746 673 tantum
770 599 876 672 oculo
900 599 1027 673 tabula
1052 609 1251 728 spectetur,
1279 623 1338 674 re-

78 739 142 784 rm
142 739 166 818 ¹?
181 753 279 799 ponpa
290 713 526 811 praesentatio
544 713 615 785 erit
630 713 747 786 multo
757 712 975 808 perfectior,
1002 737 1088 786 nam
1105 713 1144 787 in
1157 713 1228 787 hoc
1248 737 1339 787 casu

77 806 235 928 {Q
105 869 190 928 ,ffiq
175 870 273 914 ,M
236 810 419 906 tmloculus
436 851 511 900 non
527 837 682 922 vagatur
695 839 800 900 extra
817 827 993 918 tabulam,
1007 827 1083 918 ubi,
1102 850 1340 923 quaecunque

78 948 155 1107 ΞΞΞΞ
163 936 281 1110 ,ζῃέἶῇ
274 940 504 1031 videntur,
494 965 534 1014 1n
551 940 681 1014 eodem
698 939 869 1015 videntur
887 965 966 1015 esse
982 942 1105 1038 plano,
1124 951 1162 1014 et
1179 941 1341 1038 proinde

250 1055 406 1129 reetiam
427 1077 554 1127 omnes
580 1053 716 1127 tabulae
738 1065 886 1150 partes3
912 1054 966 1129 ita
990 1067 1033 1129 ut
1056 1065 1237 1151 quantum
1254 1078 1341 1151 pro-

293 1169 492 1266 portioneS,
509 1168 660 1258 coloreS,
677 1169 830 1258 umbrae,
849 1193 1058 1242 recessuum
1075 1193 1166 1265 quos
1191 1168 1342 1242 imitan-

293 1297 355 1359 tur
371 1282 483 1355 fidem
499 1281 651 1371 faciunt,
665 1292 811 1355 tantum
828 1283 1055 1379 comparatio
1074 1306 1158 1355 cum
1175 1282 1234 1372 iis,
1254 1307 1340 1379 quae

293 1409 380 1472 sunt
398 1406 503 1470 extra
519 1394 694 1487 tabulam,
713 1395 843 1469 iisdem
867 1398 977 1470 rebus
999 1397 1111 1470 fidem
1129 1396 1297 1494 derogat.

82 1521 133 1566 cire
134 1520 197 1566 ulum
175 1534 243 1578 mr
343 1520 379 1586 9.
394 1511 447 1586 Si
476 1511 596 1606 figura
629 1510 808 1606 objecti'
798 1535 837 1583 m
870 1511 980 1607 plano
1014 1511 1232 1600 horizontis
1271 1534 1340 1607 per

80 1601 163 1738 iili
164 1587 256 1760 ill}
294 1625 444 1722 planum
475 1623 700 1721 diaphanum
728 1624 914 1697 horizonti
941 1637 1105 1698 erectum
1122 1624 1339 1721 spectanda,

81 1723 248 1836 Ἣ
146 1731 269 1840 mum,
296 1741 346 1813 sit
360 1738 530 1828 circulus,
550 1737 665 1812 sectio
683 1738 838 1812 factam
854 1738 966 1835 plano
984 1739 1046 1813 illo
1064 1750 1199 1829 erecto,
1213 1739 1254 1811 id
1271 1750 1340 1828 est,

295 1854 422 1928 tabula
448 1855 526 1949 ejus
551 1852 794 1949 perspectiva,
814 1853 885 1927 erit
910 1853 1046 1950 ellipsis
1068 1853 1127 1926 vel
1154 1852 1341 1937 circulus;

295 1967 402 2040 oculo
421 1966 607 2063 quidem
596 1991 636 2040 1n
660 1991 735 2041 uno
753 1966 873 2040 solum
896 1978 1036 2064 puncto
1053 1966 1300 2057 collocato,
1269 1990 1342 2040 orr-

295 2081 420 2164 culus3
448 2080 649 2176 caeteroqui
665 2080 814 2177 ellipsis,

348 2194 406 2266 Sit
425 2193 503 2289 (fig.
517 2193 555 2289 5)
575 2194 695 2290 figura
709 2194 845 2291 objecti
862 2194 1020 2269 circulus
1040 2195 1080 2268 in
1091 2194 1203 2290 plano
1212 2195 1343 2291 jacens
1439 2263 1440 2278 ,

295 2306 499 2381 horizontis
513 2337 523 2391 ;
542 2307 661 2403 sitque
673 2308 852 2382 diameter
863 2309 941 2404 ejus
958 2309 989 2382 A
1004 2308 1059 2392 B;
1079 2306 1206 2381 oculus
1217 2320 1345 2382 autem

296 2419 504 2515 ubicunque
530 2421 569 2494 in
587 2420 629 2511 C,
646 2422 757 2495 modo
782 2423 828 2495 ab
847 2423 1016 2496 omnibus
1034 2420 1344 2495 circumferentiae

297 2534 442 2630 punctis
466 2533 516 2608 ad
533 2534 563 2606 C
582 2536 774 2631 pervenire
801 2536 944 2632 possint
973 2535 1090 2620 radii;
1117 2535 1238 2632 sitque
1266 2536 1343 2609 BD

296 2647 481 2721 horizonti
494 2659 628 2738 erecta,
646 2673 774 2722 secans
787 2648 867 2721 AB
884 2648 923 2722 in
943 2649 985 2738 B,
1003 2660 1041 2722 et
1058 2647 1128 2722 Ac
1145 2649 1184 2722 in
1201 2659 1344 2745 puncto

297 2761 343 2834 D.
369 2761 536 2835 Elevatio
550 2761 647 2835 oculi
658 2786 769 2858 supra
784 2762 1016 2835 horizontem
1028 2761 1345 2859 perpendicularis

297 2877 345 2949 sit
366 2876 450 2950 Ec,
501 2877 582 2950 Erit
607 2876 732 2972 itaque
759 2876 838 2949 BD
865 2875 978 2949 sectio
1006 2876 1211 2950 communis
1242 2877 1346 2972 plani
1437 2913 1438 2918 ,

298 2989 471 3086 diaphani
489 2989 564 3062 sive
582 2989 718 3062 tabulae
734 2988 974 3087 perspectiva
992 2989 1219 3085 interposita
1247 2990 1347 3064 inter

297 3102 445 3177 oculum
474 3112 512 3176 et
541 3102 739 3198 objectum,
774 3102 1048 3198 insistentisque
1083 3103 1271 3177 horizonti
1300 3104 1346 3178 ad

297 3216 451 3312 angulos
468 3227 601 3306 rectos
620 3228 656 3290 et
684 3217 767 3290 coni
785 3218 889 3313 cujus
906 3230 1034 3290 vertex
1052 3216 1093 3305 C,
1110 3217 1208 3290 basis
1227 3219 1346 3293 circu·

297 3330 354 3402 lus
380 3329 470 3403 AB.
522 3330 603 3403 Erit
631 3341 811 3428 praeterea
840 3330 1066 3428 triangulum
1083 3330 1118 3403 A
1133 3331 1207 3404 BC
1229 3333 1345 3407 sectio

298 3467 364 3539 per
382 3467 488 3517 axem
505 3444 602 3518 illius
620 3446 716 3518 coni.
1435 3467 1436 3470 ’

347 3559 432 3632 Jam
449 3559 690 3634 consideratis
709 3559 901 3656 triangulis
927 3559 1062 3650 ABG,
1090 3559 1224 3649 BDC,
1252 3561 1285 3634 si
1303 3585 1346 3634 ca

77 1078 123 1196 pire
93 1078 226 1175 rgseirtutm

299 3673 374 3746 sint
401 3673 543 3765 similia,
561 3675 661 3771 quod
683 3675 764 3748 fieri
793 3698 869 3747 non
886 3684 1010 3770 potest
1026 3672 1099 3746 nisi
1115 3673 1154 3746 iu
1171 3697 1247 3748 uno
1266 3686 1346 3748 tan-

298 3799 378 3860 tum
406 3799 545 3884 puncto
571 3801 683 3864 rectae
711 3788 784 3863 EC
800 3787 1004 3886 productae,
1020 3788 1209 3861 habebunt
1238 3790 1345 3862 bases

298 3902 333 3975 A
347 3902 390 3992 B,
422 3903 498 3977 BD
526 3904 795 4000 triangulorum
812 3902 847 3976 A
861 3902 892 3975 B
905 3903 946 3992 Ο,
973 3901 1050 3974 BD
1065 3900 1096 3974 C
1121 3902 1346 3998 positionem

298 4015 612 4091 subcontrarium.
674 4017 836 4115 Ideoque
869 4015 950 4113 (per
975 4013 1163 4112 Mydorgii
1190 4015 1348 4089 Parisiui

303 4127 522 4204 Coaicoram
539 4131 660 4205 Elem.
678 4131 742 4206 lib.
762 4154 789 4205 1.
819 4155 925 4228 prop.
946 4130 997 4224 3,)
1019 4130 1090 4204 erit
1115 4130 1229 4204 sectio
1247 4130 1350 4204 facta

300 4265 324 4316 a
340 4243 451 4339 plano
480 4245 555 4318 BD
574 4245 613 4318 in
630 4245 823 4342 superficie
847 4244 942 4334 coni,
960 4244 1051 4318 facti
1068 4269 1091 4320 a
1107 4243 1212 4318 lineis
1236 4243 1348 4320 simul
1432 4289 1433 4304 .

305 4357 474 4430 omnibus
492 4382 516 4434 a
531 4357 828 4434 circumferentia
845 4358 965 4434 ductis
987 4357 1037 4434 ad
1053 4358 1201 4433 oculum
1218 4357 1260 4448 0,
1278 4358 1351 4436 cir·
