2912 4912
292 295 361 362 120
672 309 726 361 nn
747 309 930 362 nournn.

103 511 201 562 sm,
216 511 257 562 ῃ,
287 485 483 572 propterea
499 499 574 549 non
592 474 813 573 disputando
831 487 898 563 est,
926 474 990 548 sed
1004 455 1201 571 irnplenda.
1255 473 1332 548 Ne-

103 589 247 693 ss
289 614 360 686 que
392 589 490 662 enim
520 614 569 662 an
595 589 796 662 honorifice
824 590 870 662 de
886 590 976 678 'Deo
1004 588 1237 661 sentiendum
1270 589 1329 678 sit,

287 728 408 800 neque
421 728 469 777 an
490 703 537 776 sit
548 703 738 791 amanduS,
748 703 946 792 timenduS,
966 703 1153 793 colendnS‚
1168 702 1331 776 dubitari

287 825 420 915 potest.
487 816 583 889 Sunt
616 816 714 889 enim
748 816 829 889 haeo
856 815 1077 912 religionum
1106 839 1172 912 per
1203 839 1330 888 omnes

287 939 417 1027 gentes
452 929 671 1000 communia.
739 928 983 1025 Disputentur
1010 952 1054 1000 ea
1082 928 1170 1017 sola,
1198 929 1331 1023 quibus

286 1066 383 1115 unus
399 1042 510 1116 homo
528 1042 574 1114 ab
592 1041 664 1114 alio
683 1042 873 1126 dissentit3
894 1066 975 1137 quae
988 1054 1184 1139 propterea
1197 1041 1244 1114 de
1258 1041 1331 1114 fide

287 1157 327 1230 in
344 1156 463 1228 Deum
479 1179 555 1229 non
573 1166 670 1228 sunt.
723 1155 766 1227 In
784 1154 842 1227 his
858 1167 983 1227 autem
1009 1154 1330 1250 disputationibuS,

289 1268 377 1341 dum
406 1269 597 1341 scientiam
623 1268 820 1365 qnaerimus
848 1292 974 1342 earum
1001 1291 1125 1340 rerum
1152 1293 1235 1364 quae
1264 1269 1330 1342 sub

288 1382 478 1455 scientiam
494 1406 569 1454 non
587 1382 736 1472 endunt,
761 1381 872 1456 fidem
889 1382 928 1453 in
948 1382 1080 1470 Deum,
1099 1381 1332 1478 quantumin

288 1496 393 1568 nobis
408 1506 476 1585 est,
491 1495 722 1568 destruimus,
775 1495 899 1569 Posito
911 1494 1010 1567 enim
1023 1494 1178 1568 scientio
1188 1496 1333 1569 tollitur

287 1608 390 1699 fides,
417 1609 512 1682 sicut
538 1609 658 1704 posita
687 1607 862 1681 fruitione
892 1607 1034 1681 tollitur
1061 1631 1154 1704 spes,
1210 1610 1333 1684 Docet

287 1734 411 1795 eutem
428 1722 626 1818 apostoluS,
641 1746 686 1795 ex
700 1722 818 1795 tribus
830 1720 1029 1795 virtutibus
1034 1721 1132 1815 fide,
1148 1747 1230 1820 epe,
1242 1723 1333 1796 chn-

286 1835 416 1925 ritate,
442 1835 659 1908 adveniente
686 1857 801 1930 regno
827 1834 908 1920 Dei,
922 1834 1044 1928 fidem
1070 1847 1107 1908 et
1131 1860 1236 1932 spem
1256 1861 1334 1909 am-

286 1948 382 2044 plius
398 1973 475 2022 non
492 1948 660 2037 existere,
686 1948 752 2021 sed
777 1948 892 2021 solam
917 1971 1064 2020 manere
1092 1948 1332 2022 charitatem.

288 2061 519 2143 Quaestiones
537 2085 625 2158 ergo
644 2061 839 2134 denatura
864 2061 934 2134 Dei
958 2072 1103 2135 naturae
1128 2061 1333 2136 conditoris

285 2174 394 2247 nimis
425 2174 578 2248 euriosae
606 2185 704 2258 sunt,
733 2198 802 2247 nec
829 2175 1001 2271 operibns
1024 2174 1172 2272 pietatis
1200 2200 1333 2249 accen·
1451 2243 1452 2246 ,

287 2286 432 2372 sendae3
468 2297 507 2360 et
535 2285 597 2384 qui
625 2287 815 2384 disputant
844 2287 890 2360 de
919 2287 1011 2376 Deo,
1038 2311 1114 2361 non
1145 2298 1224 2360 tam
1251 2289 1333 2362 Deo

286 2400 410 2489 fidem,
437 2402 497 2473 cni
517 2402 596 2496 jam
613 2425 740 2474 omnes
757 2401 925 2490 credunt,
945 2426 1055 2497 quam
1078 2401 1225 2476 sibimet
1245 2403 1333 2500 ipsis

286 2513 482 2587 conciliare
499 2511 664 2610 cupiunt.

98 2660 214 2704 usur„
338 2637 373 2701 5.
401 2628 585 2709 Quoniam
611 2637 735 2700 antem
755 2652 878 2701 amare
899 2628 1018 2700 Deum
1039 2627 1138 2701 idem
1156 2639 1213 2702 est
1231 2627 1334 2725 quod
1452 2673 1453 2680 κ

98 2725 266 2849 fflffi‘p„
285 2742 470 2816 mandatis
488 2743 566 2838 ejus
583 2742 743 2831 obedire,
771 2754 808 2815 et
827 2743 957 2815 timere
975 2742 1095 2815 Deum
1113 2741 1213 2815 idem
1230 2741 1335 2838 quod

285 2856 416 2929 timere
432 2879 480 2928 ne
497 2856 694 2952 quicquam
711 2866 841 2929 contra
857 2857 1033 2928 mandata
1046 2857 1125 2951 ejus
1136 2855 1331 2946 faciamus,

286 2969 401 3065 quaeri
425 2969 560 3041 iterum
579 2979 702 3066 potest
714 2969 812 3042 unde
829 2969 916 3044 sciri
931 2981 1067 3066 potest,
1094 2993 1176 3066 quae
1194 2969 1270 3042 sint
1287 2993 1333 3042 ea

287 3106 369 3178 quae
396 3082 496 3155 Deus
523 3082 728 3178 imperavit.
794 3083 863 3156 Cui
890 3083 1084 3178 quaestioni
1114 3081 1333 3178 responderi

284 3205 418 3292 potest,
436 3195 556 3268 Deum
574 3219 618 3268 eo
636 3196 729 3292 ipso
756 3196 856 3291 quod
880 3195 1048 3269 homines
1068 3194 1198 3269 fecerit
1217 3196 1333 3270 ratio-

285 3309 399 3398 naleS,
415 3308 488 3382 hoo
504 3308 575 3381 illis
587 3309 808 3405 praeoipisse,
820 3319 858 3382 et
871 3308 1043 3383 cordibus
1057 3309 1222 3382 omnium
1234 3311 1333 3385 hano

286 3422 407 3518 legem
431 3421 678 3518 insculpsisse,
704 3446 752 3495 ne
778 3422 971 3518 quisquam
998 3421 1168 3518 cuiquam
1191 3422 1334 3498 faceret

287 3537 387 3632 quod
403 3535 516 3609 olium
540 3535 609 3609 sibi
633 3535 756 3610 facere
781 3536 950 3631 iniquum
978 3535 1141 3610 duceret.
1194 3538 1241 3610 In
1259 3561 1332 3634 quo

285 3659 471 3747 praeeepto
488 3649 661 3723 universe
674 3649 818 3746 justitia
835 3661 872 3722 et
889 3650 1099 3724 obedientia
1112 3650 1229 3724 civilis
1244 3675 1332 3725 con-

286 3763 437 3836 tinetur.
503 3763 594 3845 Quis
622 3764 721 3838 enim
749 3774 806 3837 est
836 3763 910 3860 qui,
937 3763 967 3836 si
996 3763 1036 3836 in
1065 3762 1215 3838 civitate
1247 3787 1331 3838 cum

286 3899 428 3950 summo
447 3875 600 3973 imperio
617 3877 840 3950 constitutus
858 3887 953 3950 esset
971 3900 994 3948 e
1010 3875 1160 3972 populo,
1176 3877 1330 3974 regendi

286 3989 342 4063 sui
359 4000 398 4063 et
414 3989 537 4087 legum
555 3989 829 4063 condendarum
843 4013 966 4076 causa,
981 4012 1057 4063 non
1070 3988 1237 4085 iniquum
1252 4013 1329 4064 esse

285 4102 385 4200 leges
408 4127 492 4178 suas
512 4128 536 4177 a
557 4103 721 4200 quolibet
741 4103 888 4177 subdito
915 4102 1050 4199 sperni,
1079 4102 1138 4175 vel
1164 4102 1328 4179 authori·

286 4225 400 4290 tatem
432 4240 534 4291 suom
557 4214 706 4312 negligi,
733 4215 869 4290 nedum
898 4215 1090 4313 disputari,
1114 4214 1325 4312 judicaret?
