2918 4912
172 279 582 350 assuetissimum
604 283 790 334 summum
812 281 1040 334 rurarumu.
1084 263 1157 342 227

108 457 235 522 temen
253 472 297 522 eo
312 449 394 546 jure
412 449 640 548 aliteratque
654 463 757 526 reeta
769 451 863 525 ratio
876 449 1037 548 postulat
1048 459 1156 522 utea·
1185 473 1281 524 sacr.
1297 475 1348 526 111.

108 573 177 650 tes,
196 575 355 658 peceant
384 573 515 638 eontra
542 563 640 662 leges
664 564 861 652 naturales,
885 563 924 636 id
947 575 1003 636 est
1025 573 1156 636 eontra
1197 551 1338 656 „L

108 673 241 748 Deum.

163 796 221 862 14.
250 787 380 884 Neque
406 788 475 862 sibi
507 787 595 862 dare
621 787 760 884 aliquid
790 789 985 886 quisquam
1015 798 1153 884 potest,
1167 791 1310 900 lsslqbqvi·

107 901 288 997 quiajam
307 901 441 974 habere
459 902 679 1000 supponitur
693 903 792 999 quod
810 901 897 978 dare
920 902 989 976 sibi
1006 911 1131 998 potest
1143 932 1152 986 ;
1166 870 1270 966 ibib
1281 921 1354 966 enos·

106 1037 229 1110 neque
244 1013 312 1088 sibi
326 1013 501 1110 obligari:
534 1039 619 1089 uam
637 1015 835 1090 cumidem
852 1026 947 1090 esset
963 1013 1155 1114 obligatus

106 1137 144 1201 et
170 1126 362 1225 obligans,
384 1129 550 1224 obligans
567 1139 690 1202 autem
711 1129 914 1226 obligatum
930 1129 1048 1226 possit
1065 1129 1154 1204 libe-

106 1263 202 1324 rare,
227 1239 366 1314 frustra
384 1254 479 1314 esset
502 1241 571 1315 sibi
593 1240 759 1338 obligari,
777 1243 863 1338 quia
880 1242 1035 1316 liberare
1061 1241 1154 1338 seip-

105 1377 189 1425 sum
208 1362 333 1448 potest
360 1354 543 1428 arbitratu
557 1378 646 1438 suo;
674 1363 712 1427 et
740 1357 803 1450 qui
833 1355 902 1428 hoa
928 1364 1061 1450 potest,
1075 1355 1153 1450 jam

105 1477 194 1540 actu
223 1465 403 1540 liberast.
455 1467 511 1540 Ex
540 1489 612 1562 quo
632 1477 788 1558 constet,
808 1465 956 1566 legibue
977 1465 1152 1542 civilibus

104 1605 183 1654 non
219 1581 337 1654 teneri
375 1580 493 1678 ipsam
528 1581 737 1656 civitatem:
773 1605 860 1656 nam
896 1581 995 1678 leges
1026 1580 1151 1656 civiles

103 1703 193 1766 sunt
228 1693 327 1790 leges
357 1695 538 1780 eivitatis;
575 1695 706 1792 quibus
737 1695 768 1770 si
803 1695 1039 1792 obligaretur,
1072 1693 1151 1790 ipsa

104 1805 335 1903 obligaretur
348 1807 427 1880 sibi.
455 1807 586 1904 Neque
600 1807 755 1904 obligari
770 1818 895 1904 potest
913 1807 1041 1882 civitas
1052 1807 1147 1881 civi:

104 1920 283 2015 quoniam
302 1919 399 1994 enim
417 1920 476 1994 hio
500 1921 611 2011 illam,
638 1921 667 1994 si
685 1921 852 2012 voluerit,
870 1932 993 2018 potest
1011 1921 1149 2018 obliga·

102 2032 206 2108 tione
223 2033 391 2123 liberare,
410 2043 447 2106 et
469 2033 559 2124 vult,
577 2033 720 2130 quoties
737 2035 817 2132 ipsa
832 2035 921 2124 vult,
942 2035 1044 2130 (quia
1060 2033 1149 2108 civis

104 2147 286 2243 cujusque
313 2147 481 2220 voluntas
509 2147 548 2220 in
577 2146 746 2221 omuibus
774 2149 883 2222 rebus
909 2147 1149 2245 eomprehen-

104 2259 208 2334 ditur
222 2261 261 2332 in
271 2259 460 2333 voluntate
471 2261 785 2354 civitatis)‚libera
796 2271 851 2334 est
863 2260 989 2336 civitas
1002 2261 1148 2358 quaudo

103 2373 196 2462 vult,
214 2373 286 2446 hoe
305 2383 370 2463 est,
394 2385 480 2446 actu
493 2375 570 2469 jam
588 2373 703 2448 libera
720 2385 786 2448 est.
843 2373 1003 2448 caecilii
1025 2385 1148 2448 autem

104 2487 183 2562 sive
213 2485 382 2576 hominia,
401 2485 461 2560 cui
476 2509 654 2560 'sommum
690 2487 884 2588 imperium
914 2487 1147 2561 commissum

104 2610 174 2690 est,
199 2599 370 2674 voluntas
398 2610 456 2674 est
483 2601 652 2676 voluutas
682 2601 863 2686 eivitatis;
893 2599 1147 2696 complectitur

101 2739 193 2811 ergo
221 2713 430 2788 voluntates
457 2713 685 2811 singulorum
713 2713 867 2788 civium:
895 2737 1013 2808 neque
1034 2711 1147 2809 igitur

100 2838 254 2901 tenetur
271 2825 313 2916 is,
338 2825 398 2899 cui
415 2849 589 2900 rammam
613 2827 806 2926 imperium
826 2826 1059 2900 commissum
1077 2836 1144 2916 est,

101 2939 254 3039 legibue
266 2938 450 3030 civilibus,
464 2939 643 3014 hoeenim
661 2954 717 3014 est
735 2939 889 3036 obligari
906 2937 974 3012 sibi
989 2969 999 3023 ;
1026 2960 1146 3035 neque

101 3053 277 3150 cuiquam
297 3051 442 3124 civium.

170 3175 228 3240 15.
257 3163 442 3240 Quoniam
470 3178 603 3254 autem,
638 3177 680 3240 ut
711 3189 821 3262 supra
858 3177 1044 3240 ostensum
1077 3177 1145 3256 est,
1159 3189 1336 3250 somme.

99 3289 190 3354 ante
220 3277 522 3352 constitutionem
545 3279 704 3353 civitatis
722 3277 845 3351 enemim
875 3269 1327 3378 emmiemsunt‚‡,¹1¹,⁰„ss⁵22{¹,¹ss

100 3417 223 3491 neque
242 3391 416 3487 estquod
433 3391 514 3487 quis
532 3393 586 3466 ita
607 3417 710 3466 eoem
728 3415 806 3466 esse
824 3390 934 3478 dieat,
953 3389 1052 3488 quod
1068 3413 1143 3464 nou
1155 3383 1328 3494 fflssf‘qffl·

100 3507 194 3580 alius
212 3503 366 3602 quilibet
387 3503 485 3578 idem
511 3505 640 3580 eodem
662 3509 744 3602 Jure
771 3504 942 3578 vendicet
958 3527 1026 3602 pro
1052 3529 1117 3576 aee
1129 3531 1143 3588 ‚·
1156 3513 1277 3573 {madum-

99 3619 164 3694 ubi
188 3617 288 3692 euim
322 3617 446 3691 omnia
480 3618 683 3692 commertio
718 3627 814 3707 suut,
852 3617 943 3690 nihil
973 3616 1143 3713 cuiquam

94 3731 302 3832 proprium
320 3753 399 3804 esse
416 3740 559 3827 potest;
587 3731 751 3828 sequitur
771 3729 1052 3828 proprietatem
1075 3726 1144 3799 ini·

100 3845 195 3919 tium
213 3837 414 3918 sumsisse*
437 3867 522 3916 curn
540 3841 627 3940 ipsis
641 3841 862 3931 civitatibus,
881 3851 992 3938 atque
1010 3863 1088 3914 esse
1105 3839 1144 3913 id

140 4049 159 4086 θ
171 4044 376 4124 &apricitatem
387 4042 503 4100 initium
517 4043 645 4100 aurasium
659 4041 904 4110 miracimmum,
920 4041 984 4116 ila]
1009 4039 1094 4106 Quod
1105 4039 1142 4098 ab

98 4138 244 4216 aliquibus
255 4135 401 4212 objectum
415 4143 466 4204 eat,
487 4135 628 4193 bonorum
643 4135 846 4212 proprietatem
862 4133 947 4190 etiam
959 4139 1025 4190 ante
1039 4133 1143 4190 eonati·

99 4239 176 4288 tutas
190 4229 320 4288 civitatee
335 4229 363 4286 iu
378 4228 508 4304 patribus
519 4225 690 4286 familiarum
701 4227 850 4296 exstitisse,
865 4225 903 4296 id,
913 4225 1050 4302 quoniam
1061 4223 1144 4284 lami-

985 4327 1010 4385 Q
1029 4325 1042 4372 2
