2864 4924
499 554 698 607 EPISTOLA
718 555 1016 608 nuulcuuoml.

210 731 318 806 limis,
371 731 445 808 Diu
473 735 655 834 estquod
684 759 768 834 pars
796 736 896 833 prior
925 735 1023 834 typis
1051 747 1182 833 parata
1208 744 1300 808 erat.

209 883 286 958 Cur
317 907 418 982 ergo,
447 886 601 984 inquies,
629 910 712 960 cum
737 886 878 984 reliqua
902 885 1077 960 facillima
1105 895 1196 975 erat,
1224 894 1301 958 tam

208 1034 272 1108 diu
302 1035 503 1110 editionem
527 1037 823 1135 expectavimus?
877 1035 976 1114 Quid
996 1037 1139 1110 interea
1154 1035 1300 1110 fecisti?

207 1189 359 1263 Dicam:
378 1191 624 1290 ἐθηριομάχησα.
666 1189 760 1265 Sunt
773 1189 872 1265 enim
886 1198 923 1264 et
936 1188 1025 1262 mihi
1037 1189 1108 1262 mei
1122 1187 1300 1262 Demetrii

208 1351 246 1414 et
277 1340 490 1430 Alexandri,
518 1365 676 1439 quorum
710 1342 871 1440 ἐργασίαις
901 1340 1047 1413 obstare
1079 1337 1174 1413 velle
1207 1336 1300 1420 felso

207 1490 437 1564 existimatus
464 1514 556 1565 sum.
610 1492 707 1565 Dum
727 1514 816 1588 ergo
827 1488 1053 1563 clamoribus
1071 1501 1109 1563 et
1126 1488 1300 1562 conviciis

206 1639 353 1714 illorum
392 1641 598 1715 necessario
636 1639 906 1737 responderem,
945 1638 1034 1712 fecit
1073 1641 1300 1714 concertatio

204 1792 316 1890 longa
332 1805 374 1867 ut
391 1793 499 1866 nimis
516 1794 564 1868 sit
579 1792 692 1868 dilata
708 1792 832 1866 editio.
877 1792 1098 1881 statueram,
1110 1792 1300 1866 elementis

205 1942 262 2016 his
279 1943 326 2018 ad
350 1945 461 2018 finem
471 1945 681 2050 perductis,
698 1943 833 2041 stylum
854 1944 1024 2040 abjicere.
1078 1942 1151 2018 Sed
1170 1956 1214 2017 ut
1234 1942 1301 2018 ho-

205 2093 346 2168 minum
365 2094 617 2191 profitentium
635 2093 805 2168 scientias
822 2117 941 2167 mores
964 2115 1044 2167 esse
1064 2116 1164 2167 nuuc
1180 2093 1300 2184 video,

206 2266 308 2339 spem
330 2243 430 2318 illam
455 2245 600 2342 abjicio,
618 2245 754 2344 stylum
776 2244 938 2329 retine03
965 2268 1052 2318 nam
1074 2245 1208 2318 ethaeo
1225 2245 1300 2319 for-

205 2406 302 2467 tasse
320 2395 551 2471 defendenda
562 2407 680 2471 erunt.
723 2395 917 2470 Sacrificiis
935 2395 1145 2492 importune
1156 2418 1301 2493 semper

204 2545 354 2620 fuerunt
370 2571 517 2622 muscae.
570 2549 715 2622 Faciam
739 2570 838 2644 ergo,
855 2557 897 2620 ut
920 2545 1154 2620 Domitianus
1177 2547 1299 2645 Impe-

206 2707 329 2782 rator;
369 2672 554 2795 configam
585 2697 680 2795 stylo
715 2721 871 2772 muscas,
936 2696 994 2769 Ita
1026 2695 1189 2792 iuquam,
1224 2697 1296 2772 nisi

208 2847 351 2922 dederis
368 2861 410 2923 tu
428 2849 526 2947 quod
543 2873 652 2947 agam
669 2848 810 2927 melius.
863 2849 953 2924 Sum
971 2846 1080 2937 enim,

602 3000 838 3074 Excellentiae
855 3011 929 3073 tuae

703 3150 836 3224 Servus
853 3150 1088 3240 humillimus

854 3301 1030 3375 Tuomxs
1060 3301 1245 3374 Hosnns

244 3500 301 3559 Die
316 3503 354 3560 24
369 3499 458 3568 lunii,
476 3503 560 3559 1658.
