2904 4916
366 315 420 370 na
440 315 621 372 tamena
640 315 692 372 nu
711 315 920 372 Paccium.
1092 297 1165 386 327

119 495 189 560 eet.
242 483 398 560 Punitur
413 486 513 562 enim
535 485 679 562 Atheus
701 487 778 563 eive
800 505 824 561 a
846 485 926 562 Deo
941 487 1165 584 immediate,
1194 525 1293 585 auce,
1307 525 1361 580 ιιι.

120 599 197 672 sive
221 619 246 673 a
274 599 422 698 regibus
450 601 518 676 eub
546 600 626 676 Deo
657 601 866 677 constitutis
878 631 888 688 ς
914 625 992 678 non
1013 611 1058 678 ut
1080 605 1166 680 eub-

121 712 219 787 ditue
245 713 399 810 punitur
425 737 449 788 a
478 737 577 812 rege,
607 727 805 814 propterea
831 715 931 812 quod
963 714 1064 816 leges
1088 741 1166 794 non

119 827 392 914 observaven't3
429 827 494 902 sed
521 839 565 904 ut
591 829 708 905 hostis
726 830 772 904 ab
798 829 916 921 hoste,
944 830 1045 928 quod
1065 831 1166 931 leges

118 940 283 1015 noluerit
307 941 499 1039 accipere3
524 941 596 1016 hoe
623 953 690 1032 eet,
707 943 791 1042 jure
814 943 913 1036 belli,
929 953 973 1019 ut
995 945 1166 1044 gigantes

117 1055 289 1155 θεομάχοι.
341 1055 479 1132 Hostes
507 1057 605 1132 enim
633 1056 732 1134 inter
765 1081 805 1134 ΒΘ
830 1067 929 1150 sunt,
956 1059 1165 1158 quicunque

117 1191 240 1269 neque
257 1171 444 1246 communi
460 1170 669 1270 imperanti,
688 1191 810 1272 neque
835 1171 931 1248 alter
955 1173 1062 1250 elteri
1079 1175 1165 1251 eub-

114 1283 306 1382 jieinntur.

1260 601 1298 656 14.

1205 673 1349 714 »φα

168 1405 230 1472 20.
256 1395 650 1500 Quoniemavipeeti,
664 1419 738 1498 quo
755 1399 853 1474 cives
866 1398 1002 1498 singuli
1011 1399 1164 1500 singulte
1177 1421 1368 1476 neaeman

116 1511 167 1586 ad
183 1511 433 1588 obedientiam
449 1513 604 1605 civitati,
621 1513 693 1589 hoe
710 1525 778 1606 eet,
796 1533 939 1590 summo
955 1513 1165 1614 imperanti,

118 1627 195 1702 eive
211 1626 245 1700 is
262 1647 357 1700 unus
373 1627 486 1702 homo
511 1627 589 1703 eive
612 1647 688 1702 una
704 1627 807 1702 curin
824 1629 882 1720 sit,
900 1625 1108 1705 absolutam
1124 1641 1164 1707 et

115 1743 361 1817 universalem
369 1739 851 1842 (qualemeuperioreeeplte
861 1752 901 1819 et
909 1741 1164 1819 articulodefi·

115 1853 292 1952 nivimue)
299 1855 546 1955 praestandam
556 1855 777 1954 obligantur,
788 1853 976 1932 derivatur
987 1855 1164 1956 obligatio

116 1969 166 2046 ad
192 1969 355 2070 singulm
379 1971 480 2070 leges
507 1971 631 2046 civiles
655 1969 913 2063 obaewandaa
936 1971 989 2046 ita
1004 1981 1048 2047 ut
1071 1969 1164 2048 illud

115 2095 269 2185 paetum
287 2084 475 2161 contineat
499 2085 539 2160 in
564 2105 602 2160 ee
628 2085 729 2183 leges
746 2105 874 2160 omnes
892 2083 1022 2174 aimuh
1047 2083 1164 2162 mani·

115 2199 254 2274 festum
283 2209 342 2274 est
368 2197 497 2292 civem,
526 2197 591 2299 qui
616 2207 727 2300 pacto
753 2197 918 2300 generali
942 2197 1163 2276 obedientia

115 2313 402 2406 renunciaverit,
430 2312 601 2389 omnibus
628 2313 737 2390 simul
762 2311 907 2413 legibue
931 2309 1162 2390 renunciare.

117 2427 231 2505 Quod
260 2425 399 2502 malum
428 2431 535 2502 tanto
558 2425 706 2526 gravius
735 2433 799 2503 est
821 2425 986 2527 quolibet
1009 2437 1163 2528 peceato

115 2567 205 2635 uno,
235 2551 378 2641 quanto
410 2561 564 2642 peecare
598 2561 747 2642 semer
777 2541 927 2640 gravius
960 2551 1018 2617 est
1051 2565 1163 2642 quam

114 2655 242 2732 amuel.
293 2655 418 2755 Atque
442 2656 513 2732 hoe
533 2665 590 2731 est
613 2663 807 2754 peceatum
828 2653 921 2731 illud
937 2651 1037 2754 quod
1052 2679 1163 2732 voea-

114 2781 178 2846 tur
196 2791 362 2846 caman
381 2787 503 2846 nmen
520 2789 798 2857 nisantium
824 2777 863 2846 et
875 2779 932 2845 eet
946 2763 1088 2846 fectum
1104 2769 1163 2846 vel

116 2886 271 2977 dietum
299 2907 373 2984 quo
397 2885 487 2960 civis
512 2907 578 2961 seu
603 2883 771 2961 subditus
797 2877 961 2960 declarat
984 2907 1061 2960 non
1083 2905 1163 2961 ease

115 2999 185 3074 sibi
215 2997 374 3096 amplius
397 2997 627 3074 voluntatem
653 2995 687 3073 ei
712 2995 853 3074 homini
874 2995 935 3072 vel
960 2998 1086 3090 euriae,
1102 2998 1163 3074 eui

115 3113 354 3190 commissum
378 3123 436 3188 est
454 3133 639 3188 summum
662 3107 823 3187 civitatis
847 3109 1054 3211 imperium,
1075 3111 1163 3188 obe-

115 3226 255 3304 diendi.
306 3227 357 3302 Et
384 3227 485 3302 facto
510 3225 674 3327 quidem,
697 3219 909 3326 hujusmodi
930 3215 1164 3302 'voluntatem

116 3341 283 3419 declarat
296 3339 399 3434 civis,
414 3339 562 3441 quaudo
574 3339 650 3415 vim
662 3339 776 3415 infert
787 3338 846 3414 vel
859 3335 997 3416 inferre
1007 3350 1165 3418 eduntur

114 3457 284 3556 personis
302 3476 443 3546 eorum,
457 3457 521 3555 qui
530 3453 589 3530 vel
602 3471 786 3530 summum
802 3451 996 3554 imperium
1012 3451 1163 3548 hebent,

115 3573 175 3648 vel
191 3569 408 3647 habentium
431 3568 608 3647 mandata
629 3575 901 3669 exsequuntun
927 3563 1053 3670 quales
1077 3573 1165 3646 eunt

115 3685 338 3786 proditores,
355 3683 541 3782 regieidae,
559 3683 679 3783 etqui
696 3705 802 3760 asma
824 3693 955 3760 contm
977 3679 1164 3762 civitatem

116 3809 265 3900 gerunt,
289 3797 348 3874 vel
374 3798 422 3874 ad
446 3800 571 3874 hostes
596 3795 754 3874 durante
777 3793 875 3872 bello
900 3795 1163 3896 transfugiunt.

117 3916 230 3992 Dicto
247 3926 384 4005 autem,
414 3911 643 3988 voluntatem
672 3911 828 3988 eandem
860 3907 1073 4004 ostendunt,
1100 3903 1165 4010 qui

119 4031 258 4106 directe
274 4041 414 4128 negant
430 4051 470 4104 se
496 4039 560 4102 aut
585 4027 683 4104 cives
709 4037 861 4102 eaeteros
878 4024 927 4101 ad
950 4025 1061 4100 talem
1079 4017 1165 4101 obe·

119 4143 297 4220 dientiam
314 4141 492 4241 obligari;
518 4143 578 4220 vel
603 4143 642 4218 in
663 4154 758 4235 toto,
775 4153 819 4216 ut
840 4141 904 4240 qui
926 4138 1065 4216 diceret
1088 4163 1165 4216 non

120 4283 199 4337 esse
215 4259 262 4335 iis
279 4257 526 4335 obediendum
555 4255 671 4358 (selva
687 4255 908 4349 obedientia,
926 4279 1037 4355 quam
1055 4253 1165 4332 debe·

1140 1516 1149 1534 .
1174 1488 1236 1535 lm
1248 1489 1374 1550 ιιιιΙιιιιιίι.
