2904 4916
307 257 381 324 286
721 267 953 320 rnrunrun.

112 467 208 518 sacr.
225 469 277 520 ιιι.
310 437 418 532 (Gen.
436 437 488 511 iii.
508 436 588 531 ⁵.):
615 434 744 510 Eritis
763 435 863 510 sicot
886 436 955 527 dii,
975 435 1139 510 scientes
1167 435 1299 510 bocum
1318 447 1356 510 ct

124 545 267 650 ᾧ,
308 549 455 626 crolum.
506 551 556 624 Et
581 549 702 645 prima
726 548 797 622 Dei
823 573 909 622 cum
935 549 1084 622 homine
1108 549 1356 644 expostulatio

311 664 418 758 (Gen.
431 663 483 736 iii.
504 662 580 759 ll):
610 662 702 747 Qun
717 662 900 736 indicavit
914 661 985 736 tihi
997 662 1100 759 qood
1109 661 1356 752 ncdcaeaoee,

308 777 384 850 ciri
409 776 512 875 qood
536 801 583 848 ec
609 775 726 872 ligno,
757 775 805 848 de
830 799 903 871 qno
920 797 1184 874 preceperant
1209 774 1284 847 tibi
1313 801 1357 847 ce

308 890 533 977 comederes,
558 887 785 962 comedisti?
839 882 957 962 Quasi
975 887 1126 973 diceret,
1142 886 1245 961 uude
1259 888 1357 984 judi,

309 1003 401 1076 costi
418 1001 637 1089 nuditatem,
649 1001 689 1074 in
703 1025 777 1097 qua
787 1001 908 1074 visum
924 1013 982 1073 est
994 1001 1085 1073 mihi
1098 1012 1136 1073 te
1149 1025 1291 1092 creare,
1303 1002 1357 1076 iu-

308 1117 499 1189 honestam
527 1139 617 1205 esse,
641 1115 713 1188 nisi
736 1113 836 1209 quod
864 1114 1113 1212 cognitionem
1140 1114 1292 1188 honesti
1322 1129 1357 1188 et

308 1228 496 1303 inhonesti
513 1238 592 1302 tute
608 1227 677 1301 tibi
697 1227 904 1323 arrogasti?
1258 1225 1262 1239 '

97 1360 192 1438 1’000910
198 1360 298 1437 abdia·
360 1352 395 1417 2.
423 1343 619 1416 Peccatum
629 1349 686 1414 est
697 1340 872 1437 quicquid
882 1340 965 1434 quis
980 1339 1110 1412 fecerit
1125 1349 1259 1413 contra
1273 1365 1357 1414 con-

96 1426 524 1547 {iiiiiialnlseientiam;
561 1479 648 1528 nam
678 1454 742 1550 qui
769 1453 809 1526 id
835 1454 988 1543 faciunt,
1018 1453 1139 1548 legem
1167 1467 1355 1548 spernunt

97 1556 176 1600 ⁶¹⁶*
185 1557 264 1614 φῶθ’
311 1569 385 1644 Sed
425 1565 724 1665 distinguendum
762 1577 844 1650 est;
887 1576 1082 1663 peccatum
1119 1588 1247 1638 meum
1291 1580 1355 1655 est,

310 1682 411 1779 quod
443 1681 595 1772 faciem,
624 1691 818 1777 peccatum
848 1703 969 1753 meum
1003 1701 1082 1751 esse
1114 1688 1232 1773 puto;
1261 1679 1357 1775 quod

308 1819 397 1869 vero
419 1805 614 1892 peccatum
642 1792 802 1867 alienum
830 1817 909 1866 esse
934 1805 1038 1888 puto,
1065 1815 1219 1888 possum
1247 1817 1357 1889 quan·

310 1908 432 2004 doque
460 1909 538 1982 sine
567 1917 722 2003 peccato
751 1929 833 1979 meo
862 1905 997 1979 facere.
1049 1905 1147 1978 Nam
1171 1906 1205 1978 si
1227 1907 1357 2001 jubear

308 2021 430 2095 facere
447 2020 548 2118 quod
564 2032 759 2116 peccatum
782 2018 946 2114 jubentis
963 2027 1030 2107 est,
1048 2017 1159 2091 modo
1175 2018 1241 2114 qui
1255 2020 1358 2116 jubet

305 2135 390 2229 jure
408 2133 578 2207 dominus
595 2154 698 2204 meus
719 2130 778 2220 sit,
795 2130 836 2203 id
856 2129 886 2203 si
902 2130 1011 2220 facio,
1025 2154 1101 2203 non
1118 2155 1260 2227 pecco:
1285 2155 1358 2206 non

308 2246 408 2322 enim
426 2245 457 2318 si
470 2244 676 2318 militavero
691 2244 797 2340 jussu
814 2242 984 2331 civitatis,
994 2255 1130 2340 putans
1146 2244 1289 2318 bellum
1304 2247 1359 2318 in-

305 2363 405 2456 juste
433 2370 644 2455 susceptum
674 2381 763 2446 esse,
794 2357 933 2430 idcirco
962 2357 1098 2452 injuste
1127 2357 1268 2449 fecero,
1296 2359 1359 2432 sed

309 2473 446 2570 potius,
464 2471 495 2546 si
512 2471 668 2544 militare
685 2493 915 2559 recusavero,
934 2470 1186 2566 cognitionem
1210 2472 1303 2567 justi
1324 2483 1360 2546 et
1444 2487 1445 2520 ι

308 2585 448 2682 injusti,
467 2609 550 2682 quae
575 2583 736 2680 pertinet
760 2583 809 2655 ad
835 2583 1035 2672 civitatem,
1053 2583 1144 2656 mihi
1168 2609 1357 2682 arrogans.

310 2700 386 2776 Qui
404 2697 675 2772 distinctionem
692 2696 789 2770 hanc
805 2720 881 2769 non
898 2697 1108 2786 observant,
1122 2697 1359 2792 quotiescun-

312 2837 384 2910 que
402 2813 455 2886 eis
473 2811 614 2908 aliquid
631 2810 851 2906 imperatum
873 2809 954 2898 erit,
980 2810 1080 2906 quod
1102 2811 1277 2884 illicitum
1301 2812 1359 2884 vel

310 2940 367 3001 est
384 2926 442 3000 vel
459 2924 608 2998 videtur
626 2947 715 3013 esse,
729 2922 895 2996 incident
911 2923 950 2995 in
962 2924 1142 3019 peccandi
1158 2925 1359 2999 necessita·

311 3052 399 3115 tem.
451 3037 549 3112 Nam
570 3036 708 3110 facient
729 3048 859 3109 contra
886 3036 1163 3127 conscientiam,
1182 3039 1214 3111 si
1233 3040 1359 3112 obedi·

310 3154 454 3236 verint;
482 3167 612 3224 contra
626 3151 698 3246 jus,
712 3149 743 3223 si
759 3173 835 3223 non
853 3148 1094 3223 obediverint.
1148 3151 1188 3224 Si
1202 3152 1361 3226 feceriut

309 3277 441 3340 contra
468 3263 745 3350 conscientiam,
776 3275 986 3336 monstrant
1016 3287 1054 3335 se
1084 3288 1161 3337 non
1191 3277 1360 3338 metuere

310 3403 438 3477 poenos
454 3379 570 3452 futuri
589 3378 702 3452 seculi
717 3409 727 3462 ;
754 3377 785 3450 si
801 3377 958 3450 fecerint
971 3388 1101 3450 contra
1116 3379 1189 3475 jus,
1208 3381 1359 3470 tollunt,

311 3492 550 3589 quantumin
577 3515 615 3565 se
637 3500 703 3580 est,
727 3491 941 3564 societatem
964 3491 1164 3565 humanam
1187 3503 1228 3566 et
1244 3494 1361 3568 vitam

309 3604 455 3680 civilem
469 3606 581 3679 seculi
594 3605 797 3701 praesentis
850 3605 985 3700 Opinio
1003 3605 1117 3700 igitur
1135 3630 1278 3696 eorum,
1296 3611 1363 3705 qui

310 3719 448 3794 docent
463 3742 632 3817 peccare
649 3716 831 3806 subditos,
850 3718 998 3814 quoties
1015 3718 1197 3792 mandata
1207 3719 1365 3817 princi·

304 3858 397 3932 pum
414 3857 573 3921 cuorum,
593 3830 766 3929 quesibi
784 3831 925 3926 injusta
942 3830 1117 3903 uidentur
1135 3856 1231 3921 ecce,
1249 3858 1364 3907 ecoe-

311 3957 485 4044 qcuotnr,
513 3958 552 4019 et
577 3969 731 4018 erronea
757 3955 824 4033 est,
849 3958 887 4017 et
911 3944 1093 4017 intereas
1113 3947 1364 4037 numeranda,

310 4083 395 4156 quae
408 4058 629 4132 obedientiae
642 4057 741 4130 civili
754 4058 1017 4141 adversantur3
1037 4055 1222 4154 dependet
1231 4071 1366 4134 autem

308 4173 356 4248 ab
371 4173 542 4268 originali
559 4173 623 4246 illo
642 4194 778 4262 errore,
797 4195 906 4267 quem
924 4195 1035 4268 supra
1046 4172 1283 4268 praecedente
1301 4199 1366 4248 ar·
