2904 4912
109 483 206 536 SEC‘l'.
222 485 274 536 111.

98 563 264 674 ,ss

85 2507 137 2550 Non
146 2506 225 2559 omnia,
234 2519 284 2564 quta

85 2571 195 2614 habentur
204 2572 229 2614 in

308 269 379 336 392
733 289 918 342 artreio.

305 476 424 552 regno
443 455 519 528 Dei
540 479 606 552 per
625 456 870 532 Cumarum:
900 469 944 532 ut
966 459 1102 532 Matth.
1120 460 1169 533 iv.
1193 469 1255 549 23,
1283 459 1348 532 ubi
1438 425 1439 430 ἵ

306 565 441 640 dicitur
463 569 673 644 cnarsros
704 570 923 666 praedicasse
940 571 1192 670 Evangeliom
1209 572 1346 670 regni;

304 679 388 753 Act.
418 681 494 754 xiii.
538 689 598 772 46,
637 683 701 756 ubi
732 683 890 780 apostoli
928 684 1103 759 dicuntur
1140 685 1348 782 praedicare

303 793 451 866 verbum
478 795 554 868 Dei
566 827 574 881 ;
601 796 686 869 Act.
704 821 739 870 v.
758 805 819 888 20,
846 797 910 870 ubi
939 799 1093 872 verbum
1121 798 1192 872 Dei
1221 799 1347 895 appel-

302 906 401 980 latur
419 909 568 982 corbum
585 911 698 995 ollem
726 911 808 984 Act.
823 935 882 984 xv.
896 915 931 1000 7,
942 911 1092 988 verbum
1108 911 1322 1011 Evangelii
1335 944 1347 996 ;

303 1025 409 1099 Rom.
427 1050 463 1098 x.
483 1034 518 1115 8,
543 1026 692 1100 verbam
705 1027 837 1124 fidei;
873 1029 966 1125 Eph.
985 1029 1010 1102 ἰ.
1033 1039 1089 1119 13,
1116 1029 1270 1103 verbam
1286 1055 1347 1103 oe-

302 1138 435 1212 ritorto
464 1139 604 1228 (addita
632 1141 951 1238 interpretatione)
988 1143 1027 1216 id
1060 1155 1128 1233 est,
1164 1143 1348 1241 Evange-

302 1252 391 1326 lium
401 1252 554 1338 solertim
572 1267 610 1328 et
619 1254 684 1328 ubi
694 1255 899 1352 appellatur
910 1255 1058 1329 verbrrm
1074 1254 1344 1356 apostolorum,

302 1365 393 1438 dicit
405 1365 504 1439 enim
517 1379 665 1446 sanctus
688 1368 821 1440 Paulus
838 1369 875 1462 (2
887 1369 1015 1443 These.
1027 1368 1078 1440 iii.
1096 1367 1170 1462 14),
1199 1367 1244 1440 Si
1261 1369 1345 1466 qaia

301 1503 372 1552 aon
397 1478 523 1553 obedit
547 1480 659 1554 verbo
684 1491 824 1571 nostro,
848 1483 911 1556 &c
968 1482 1062 1556 Quae
1083 1480 1166 1554 loca
1187 1481 1344 1578 intelligi

300 1592 407 1666 aliter
429 1617 504 1667 non
525 1607 681 1690 possunt
702 1619 812 1695 quam
835 1595 880 1670 de
901 1596 1074 1670 doctrina
1090 1593 1342 1693 Evangelicn.

301 1705 477 1779 Similiter
496 1707 595 1803 (Act.
614 1709 677 1782 xii.
696 1718 757 1798 24,
776 1719 813 1782 at
830 1709 905 1782 xiii.
924 1709 1004 1806 49),
1026 1709 1091 1783 ubi
1108 1707 1247 1782 dicitur
1263 1733 1343 1782 oer-

300 1816 382 1892 ham
410 1819 486 1892 Dei
515 1820 765 1912 directricem,
797 1846 980 1911 crescere,
1012 1834 1050 1895 et
1079 1821 1341 1920 multiplicari,

298 1930 410 2004 idda
440 1932 520 2028 ipsa
548 1957 638 2006 voce
672 1933 742 2007 Dei
770 1933 829 2007 vel
862 1934 1114 2030 apostolorum
1148 1934 1343 2030 concipere

299 2043 445 2118 difficile
475 2057 555 2130 est;
592 2045 639 2119 de
674 2045 853 2136 doctrina,
887 2047 1006 2120 facile.
1058 2045 1182 2142 Atque
1210 2046 1251 2118 in
1273 2047 1341 2120 hac

297 2158 408 2230 tertia
424 2159 648 2254 acceptione,
663 2158 812 2233 uerbum
825 2160 901 2234 Dei
918 2171 975 2233 est
989 2159 1121 2247 omnis,
1135 2181 1219 2255 quae
1233 2159 1341 2235 hodie

299 2293 319 2342 e
337 2270 520 2345 cathedris
537 2271 702 2363 docetur,
722 2285 760 2346 et
776 2273 815 2346 in
833 2272 1090 2370 theologorum
1103 2273 1207 2346 libris
1226 2275 1342 2348 conti-

295 2395 418 2472 netur,
436 2384 610 2460 doctrina
628 2386 768 2482 deside
788 2385 1022 2461 Christiano.

350 2505 406 2572 16.
432 2499 517 2573 Jam
544 2500 735 2596 Scriptura
763 2501 887 2589 Sacra,
910 2511 1085 2598 utquam
1107 2500 1341 2596 agnoscimus

85 2635 199 2692 Scriptura
209 2635 284 2691 saera
295 2637 319 2685 4
340 2612 420 2686 Ι)44
437 2614 663 2711 inspiratam,
682 2625 762 2689 tota
778 2615 932 2688 verbum
949 2613 1019 2688 Dei
1047 2615 1161 2688 estin
1179 2612 1340 2689 secunda

83 2701 192 2757 pertinere
202 2701 230 2744 ad

84 2779 190 2808 canonem
201 2764 254 2810 lidai

84 2828 220 2874 Chdstienae.

295 2728 532 2825 acceptione:
560 2741 598 2802 et
626 2729 821 2802 innumera
848 2728 1012 2824 ejusdem
1039 2727 1133 2817 loca,
1151 2727 1192 2800 in
1209 2727 1338 2823 prima.

292 2839 343 2913 Et
359 2865 444 2916 cum
453 2841 612 2915 maxima
627 2865 713 2938 pars
727 2843 806 2938 ejus
815 2853 982 2914 versetur
991 2841 1031 2914 in
1044 2840 1157 2939 regni
1174 2840 1340 2914 coelestia

293 2953 351 3026 vel
371 2954 612 3050 praedictione
638 2954 697 3028 vel
719 2954 1020 3054 praefiguratione
1047 2965 1134 3027 ante
1153 2953 1336 3028 Curarem

292 3067 593 3159 incarnationem,
601 3069 659 3142 vel
668 3069 707 3143 in
718 3067 1031 3166 evangelizatione
1044 3078 1083 3141 et
1093 3067 1339 3164 explicatione

292 3191 387 3278 post,
419 3181 529 3255 etiam
555 3182 594 3254 in
627 3181 739 3255 tertia
768 3179 1067 3278 significatione;
1094 3180 1159 3253 ubi
1186 3179 1337 3254 verbum

292 3293 368 3368 Dei
378 3294 534 3367 sumitur
542 3317 610 3390 pro
622 3293 733 3368 aerbo
745 3294 891 3383 deDeo,
903 3292 944 3366 id
953 3303 1022 3382 est,
1034 3291 1338 3390 proanagclio‚

293 3406 483 3502 Scriptura
509 3407 622 3480 Sacra
652 3418 707 3480 est
740 3405 888 3480 verbam
913 3405 1002 3494 Dei,
1033 3404 1190 3499 ideoque
1225 3405 1337 3478 etiam

291 3542 407 3591 canon
421 3517 606 3618 etregulo
617 3519 735 3592 omnis
753 3517 936 3592 doctrinar
946 3514 1207 3614 Evangelicoe.
1236 3516 1338 3591 Quo·

289 3629 390 3703 niam
415 3641 539 3704 autem
569 3630 608 3703 in
635 3630 766 3704 iisdem
784 3629 985 3726 Scripturis
1014 3627 1133 3702 multa
1158 3627 1335 3724 leguntur

282 3742 460 3841 politica,
488 3743 681 3833 historico,
699 3741 874 3831 morolio,
895 3741 1074 3840 physico,
1093 3751 1132 3814 et
1149 3739 1233 3831 alia,
1252 3764 1334 3837 quae

288 3857 545 3932 nihilomnino
573 3867 744 3956 spectant
761 3856 811 3930 ad
835 3855 1018 3956 mysteria
1033 3853 1149 3951 fidei,
1167 3877 1213 3928 aa
1240 3854 1332 3944 loca,

288 3971 358 4045 etsi
374 3994 499 4046 veram
516 3970 722 4046 doctrinam
732 3968 947 4043 contineant
964 3979 1002 4040 et
1020 3991 1139 4042 canon
1156 3967 1232 4041 sint
1249 3967 1332 4042 tali-

287 4109 351 4158 um
376 4085 638 4175 doctrinarum,
666 4107 741 4156 non
770 4093 893 4156 tamen
922 4105 1041 4155 canon
1070 4103 1149 4156 esse
1176 4094 1332 4178 possunt

286 4198 543 4294 mysteriorum
560 4196 746 4292 religionis
766 4195 996 4270 Christianae.
