2912 4912
300 269 367 349 174
705 286 922 340 nrnaaras.

102 489 201 542 sm,
216 489 269 541 m.
295 455 450 544 tollitur,
474 463 515 527 et
539 476 606 550 per
626 477 854 551 consequens
875 463 963 532 sunt
983 454 1215 551 obligatoria.
1271 457 1346 531 Ubi

110 569 255 673 *ξύ
295 569 394 642 enim
409 569 560 642 libertas
577 567 723 658 desinit,
736 568 789 641 ibi
804 567 935 664 incipit
951 568 1139 665 obligatio.

84 707 253 785 naaman
350 691 407 755 ll.
434 681 546 754 Pacta
558 693 695 772 autem,
709 705 793 778 quae
806 681 902 754 fiunt
914 681 954 754 in
966 692 1161 755 contractu
1173 683 1240 756 ubi
1252 683 1345 757 fides

82 773 426 883 ffissffiffltmuma
450 807 518 883 est,
544 803 677 868 neutro
698 795 894 891 quicquam
917 795 1042 868 statim
1063 806 1279 891 praestante,
1305 799 1345 872 in

82 902 285 1014 ffiffiff
295 919 397 982 statu
413 919 567 998 naturae,
586 907 618 981 si
632 909 753 1004 justus
771 931 817 981 ex
842 907 981 980 utravis
998 919 1103 1003 parte
1119 921 1244 983 metus
1274 913 1347 984 ori·

295 1021 417 1110 atur,*
432 1033 519 1094 sunt
531 1020 703 1094 invalida.
722 1021 820 1094 Nam
833 1021 897 1117 qui
909 1021 1011 1116 prior
1020 1033 1185 1117 praestat,
1191 1035 1346 1121 propter

295 1159 450 1232 pravum
466 1134 655 1230 ingenium
677 1135 847 1208 maximae
872 1135 987 1231 partis
1012 1136 1216 1226 hominum,
1245 1163 1346 1213 com-

296 1249 407 1322 modo
426 1272 492 1322 suo
507 1249 590 1344 jure
608 1259 646 1322 et
659 1249 793 1346 injuria
806 1251 913 1345 juxta
925 1249 1162 1340 studentium,
1178 1253 1346 1348 cupidini

296 1387 336 1438 se
360 1361 485 1458 prodit
509 1362 606 1435 illius
627 1362 776 1457 quicum
799 1362 995 1435 contrahit.
1049 1363 1219 1437 Rationis
1247 1365 1345 1439 enim

296 1500 372 1550 non
394 1487 462 1564 est,
488 1485 530 1547 ut
551 1475 683 1572 aliquis
697 1487 851 1572 praestet
866 1476 980 1571 prior,
1006 1476 1037 1549 si
1055 1476 1253 1551 verisimile
1270 1503 1346 1554 non

296 1588 346 1662 sit
371 1588 529 1662 alterum
555 1613 635 1662 esse
660 1590 910 1686 praestiturum
934 1599 1029 1686 post.
1083 1590 1196 1665 Quod
1218 1604 1346 1666 utrum

295 1701 493 1774 verisimile
510 1703 558 1774 sit
573 1725 702 1792 necne,
719 1701 751 1775 is
769 1701 979 1798 qui-metuit
991 1702 1175 1798 judicabit
1189 1735 1199 1789 ;
1227 1717 1272 1778 ut
1290 1729 1347 1780 os-

296 1826 444 1888 tensum
468 1825 526 1888 est
555 1815 675 1911 capite
701 1815 945 1912 praecedente,
973 1816 1131 1889 articulo
1149 1826 1184 1890 9.
1239 1820 1346 1910 Haec,

297 1927 461 2025 inquam,
478 1928 533 2002 ita
548 1953 587 2001 se
603 1929 742 2001 habent
758 1928 796 2000 in
815 1938 914 2001 statu
930 1929 1102 2002 naturali.
1155 1931 1347 2006 Caeterum

296 2042 337 2115 in
354 2052 455 2115 statu
471 2041 581 2128 civili,
598 2041 662 2114 ubi
680 2052 736 2114 est
753 2041 815 2136 qui
831 2051 1031 2138 utrumque
1053 2065 1187 2139 cogere
1209 2055 1347 2140 potest,

296 2153 340 2243 is,
364 2155 428 2250 qui
452 2175 519 2250 per
545 2165 778 2227 contractum
800 2154 902 2251 prior
927 2164 983 2226 est
1007 2154 1054 2228 ad
1078 2158 1346 2252 praestandum,

296 2265 399 2362 prior
427 2277 604 2362 praestare
635 2266 766 2348 debet;
806 2266 993 2361 quoniam,
1032 2291 1117 2340 cum
1141 2267 1237 2344 alter
1264 2275 1347 2370 cogi

296 2390 432 2476 potest,
465 2390 585 2454 cessat
597 2380 692 2453 ratio
705 2391 857 2476 propter
871 2404 982 2476 quam
998 2404 1046 2454 ne
1058 2405 1134 2455 non
1147 2395 1349 2478 praestaret

297 2496 497 2568 metuebat.

87 2636 235 2683 emmaum
353 2616 408 2681 12.
435 2609 492 2681 Ex
518 2632 562 2682 eo
587 2617 724 2696 autem,
752 2606 852 2703 quod
876 2607 916 2679 in
941 2607 1041 2680 omni
1066 2606 1283 2701 donatione,
1310 2624 1349 2687 et

85 2702 426 2826 fflissgfflmpoctia
453 2721 634 2810 omnibus,
661 2720 860 2815 requiritur
882 2719 1088 2816 acceptatio
1109 2721 1218 2816 juris
1246 2725 1348 2820 quod

85 2833 258 2943 ffiffgew
298 2833 704 2929 transfertur,sequitur
707 2832 863 2930 pacisci
872 2833 1058 2906 neminem
1070 2857 1177 2929 posse
1189 2859 1277 2908 cum
1291 2862 1348 2926 eo,

218 2930 257 2946 ”
300 2948 363 3043 qui
396 2948 687 3042 acceptationem
715 2946 816 3019 illam
840 2970 916 3020 non
950 2947 1145 3043 siguificat.
1215 2949 1348 3047 Neque

298 3061 413 3157 igitur
429 3062 567 3158 pacisci
585 3085 670 3133 cum
685 3060 828 3150 belluis,
845 3084 966 3158 neque
976 3061 1037 3156 jus
1053 3061 1171 3134 ullum
1188 3061 1262 3136 illis
1279 3065 1347 3137 tri-

297 3175 412 3248 buere
429 3186 494 3247 aut
511 3173 654 3246 auferre
676 3196 869 3269 possumus
893 3184 1045 3270 propter
1066 3174 1252 3248 defectum
1270 3199 1347 3250 ser-

297 3287 418 3360 monis
436 3298 474 3360 et
491 3286 710 3360 intellectus.
763 3287 893 3381 Neque
904 3294 1028 3384 pocta
1045 3286 1139 3359 inire
1150 3288 1346 3386 quisquam

298 3425 384 3474 cum
397 3399 522 3474 divina
531 3402 723 3496 majestate
737 3410 869 3496 potest,
880 3423 1000 3496 neque
1012 3399 1065 3472 illi
1078 3409 1162 3473 coto
1175 3402 1344 3498 obligari,

298 3514 370 3587 nisi
395 3525 577 3611 quatenus
602 3513 720 3586 visum
744 3513 797 3585 illi
823 3526 890 3603 est,
914 3536 982 3609 per
995 3513 1204 3610 Scripturas
1222 3540 1345 3590 sacras

299 3628 521 3702 substituere
538 3627 608 3701 sibi
625 3627 767 3723 aliquos
784 3627 963 3717 homines,
992 3627 1057 3724 qui
1080 3629 1345 3704 authoritatem

337 3889 355 3924 t
378 3881 506 3950 oriatur,
518 3879 586 3956 tta]
611 3877 688 3937 Nam
704 3879 758 3936 nisi
779 3896 865 3937 causa
878 3883 971 3935 metus
984 3895 1061 3936 nova
1073 3867 1184 3948 existat,
1198 3896 1235 3935 ex
1257 3877 1346 3948 sacto,

299 3971 346 4030 vel
360 3971 416 4029 alio
429 3972 511 4048 signo
525 3970 680 4028 voluntatis
701 3988 759 4028 non
773 3968 927 4045 praestsndi
941 3987 959 4026 a
971 3976 1053 4046 parte
1068 3969 1166 4039 altera,
1180 3976 1274 4028 metus
1283 3970 1347 4047 jus·

299 4071 347 4122 tus
367 4061 477 4121 conferi
491 4081 549 4120 non
567 4069 670 4138 potest.
711 4060 808 4120 Causa
829 4061 914 4132 enim,
928 4079 994 4138 quae
1007 4061 1147 4138 impedire
1160 4080 1217 4120 non
1231 4069 1347 4138 poterat

302 4155 372 4231 quin
386 4156 587 4231 pacisceretur,
602 4154 740 4232 impedire
753 4173 812 4213 non
826 4153 912 4213 debet
925 4155 996 4231 quin
1009 4162 1126 4233 pactum
1139 4161 1265 4230 praestet
