2896 4914
307 298 350 363 16
574 327 576 336 v
687 315 741 367 nn
762 291 943 368 nomrnn‘.

116 511 211 563 sucu,
231 513 269 564 11,
305 479 423 551 tantia
439 489 546 553 tanta
572 483 761 555 conversio
787 483 883 556 oculi
906 482 1125 557 insensibilis
1144 485 1346 559 'sufficit'ad

118 591 260 695 »ξύ
303 603 443 664 motum
469 617 596 666 eorum
619 596 896 693 assequendum,
919 619 1074 691 quornm
1102 596 1195 669 radii
1213 623 1232 670 e
1251 599 1344 674 locis

301 703 397 778 inter
422 729 460 778 se
486 706 592 780 valde
618 706 752 781 dissitis
777 709 968 781 minimum
995 720 1119 781 tamen
1146 710 1184 782 in
1213 723 1343 785 centro

301 819 431 893 rctinae
448 821 610 895 efficiunt
628 823 814 918 angulum.

352 932 572 1024 Secundum,
580 935 677 1030 quod
689 935 719 1008 si
730 936 856 1008 oculus
867 945 904 1007 ct
914 937 1098 1030 objectum
1109 959 1343 1010 communem

300 1057 441 1120 motum
457 1048 629 1136 habeant,
647 1060 769 1122 motus
787 1050 922 1144 objecti
936 1073 1011 1121 non
1026 1048 1226 1132 sentietnr3
1253 1073 1342 1122 nam

300 1159 446 1252 quando
472 1161 543 1234 hoc
568 1164 623 1250 fit,
649 1162 775 1234 oculus
800 1162 877 1257 ipse
903 1187 977 1235 non
1006 1162 1243 1252 convertitur,
1275 1165 1342 1236 sed

298 1268 416 1344 fertur
429 1272 467 1346 in
478 1274 575 1347 linea
587 1299 668 1370 quae
681 1275 788 1348 lineae
801 1286 922 1347 motus
935 1274 1070 1370 objecti
1085 1286 1142 1346 est
1152 1275 1340 1369 parallelo,

299 1383 453 1482 ideoque
470 1389 564 1462 radii
581 1390 626 1461 ab
641 1389 785 1484 objecto
799 1388 987 1462 venientes
1001 1387 1176 1482 angulum
1195 1388 1233 1460 in
1253 1413 1340 1462 ocn-

298 1509 356 1572 tro
374 1501 503 1574 retinae
520 1502 682 1574 efficiunt
699 1501 851 1575 nullum.

104 1613 251 1663 0⁰⁰¹¹¹⁰d⁰i¹¹
349 1620 383 1686 6.
410 1615 586 1703 Tertium,
620 1615 717 1710 quod
748 1615 777 1687 si
813 1614 940 1688 oculus
969 1612 1122 1701 foratum·
1151 1612 1339 1708 objectum

102 1679 184 1722 visione
192 1680 279 1724 videon·

102 1745 284 1802 turmoven'ruae
297 1737 418 1801 autem
443 1729 629 1813 consistat,
656 1739 698 1801 nt
723 1726 864 1800 accidit·
881 1726 924 1798 iis
951 1725 1014 1822 qui
1043 1727 1082 1798 in
1109 1725 1203 1799 mari
1232 1727 1338 1802 littus

100 1815 285 1930 {iipffliffi
295 1841 616 1936 praeternavigant,
634 1851 758 1913 utrum
775 1840 846 1935 ipsi
866 1863 913 1911 an
931 1839 1115 1935 objectum
1132 1850 1337 1931 moveatur,

101 1936 200 1982 'idm'
295 1975 370 2025 non
387 1951 545 2027 videndo
564 1953 629 2026 sed
646 1951 898 2026 ratiocinando
911 1950 1133 2048 intelligunt.
1161 1951 1339 2028 Similiter

296 2064 432 2137 accidit
459 2091 481 2138 a
509 2066 634 2139 littore
661 2064 720 2138 vel
749 2065 797 2137 ad
823 2064 927 2139 littus
954 2064 1223 2160 navigantibus,
1277 2068 1336 2140 Ob

296 2177 450 2250 eandem
467 2177 658 2267 rationem,
676 2190 801 2250 utrum
819 2188 919 2251 terra
935 2202 983 2251 an
1000 2188 1100 2251 astra
1116 2191 1338 2252 moveantur

294 2292 487 2365 motu'sivc
504 2315 627 2365 annuo
645 2292 720 2365 sive
738 2291 882 2380 diurno,
895 2315 970 2364 non
984 2314 1092 2364 sensu
1110 2290 1176 2363 sed
1192 2291 1337 2366 ratione

295 2405 588 2502 investigandum
605 2419 671 2480 est.
726 2404 914 2479 Utrumvis
938 2404 1036 2476 enim
1060 2414 1255 2493 statuatur,
1276 2429 1337 2478 ea-

295 2519 379 2592 dem
396 2519 570 2593 cveniunt
587 2519 701 2592 oculis
719 2519 852 2592 omnia.

346 2634 539 2720 Quartum,
557 2633 587 2706 si
604 2643 726 2705 motus
751 2630 887 2726 objecti
908 2654 953 2702 ex
980 2628 1145 2726 pluribus
1172 2631 1335 2705 motibus

295 2745 342 2820 sit
366 2747 598 2844 compositus,
626 2769 780 2842 qnorum
804 2768 900 2817 unus
920 2744 978 2816 vel
998 2744 1120 2840 plures
1138 2745 1244 2818 oculo
1259 2745 1336 2820 sint

294 2883 378 2932 cum
395 2859 457 2933 illo
474 2883 696 2950 communes,
709 2858 762 2932 illi
777 2868 900 2931 motus
926 2856 1005 2948 soli,
1033 2857 1094 2952 qui
1121 2882 1336 2934 communes

293 2998 366 3046 non
385 2984 483 3062 aunt,
515 2996 624 3046 sensu
650 2971 919 3068 percipientur3
953 2969 1084 3066 reliqui
1111 2992 1186 3043 non
1214 2973 1336 3067 perci-

291 3086 450 3183 pientur.
508 3085 560 3158 Ut
595 3085 659 3181 qni
692 3083 800 3156 simul
831 3083 1018 3178 navigant,
1053 3083 1146 3156 alter
1179 3084 1333 3160 alterins

290 3199 473 3272 incessum
489 3197 600 3287 videt,
614 3196 679 3270 sed
692 3197 784 3270 alter
799 3196 947 3269 alterius
961 3219 1205 3291 progressum,
1220 3221 1332 3293 quem

289 3312 400 3384 habet
425 3337 448 3384 a
472 3321 576 3384 motu
600 3311 715 3401 novis,
741 3335 816 3383 non
840 3308 952 3383 videt.
1006 3309 1092 3382 Non
1118 3310 1213 3382 enim
1236 3335 1332 3408 opus

289 3424 427 3498 habent
442 3436 485 3496 nt
502 3424 627 3498 oculos
645 3433 862 3498 convertant
883 3421 931 3494 ad
954 3431 1095 3494 motum
1113 3421 1216 3494 illurn
1233 3447 1332 3498 asse-

289 3537 486 3632 quendum,
517 3559 625 3632 quem
660 3560 705 3608 ex
735 3545 846 3609 motu'
873 3535 975 3607 navis
1011 3529 1196 3607 communi
1229 3560 1330 3610 asse-

287 3659 461 3745 quuntur.
1266 3669 1268 3678 ·

90 3785 238 3836 ouomoaon
338 3767 372 3846 7.
399 3761 545 3835 Accidit
563 3785 709 3859 quoquc
734 3786 810 3836 non
835 3785 920 3835 raro
944 3771 986 3833 ut
1012 3761 1197 3856 objectum
1223 3773 1329 3838 stans

88 3852 171 3896 vitione
183 3852 265 3894 moveri

90 3917 192 3960 uantur
210 3927 260 3972 que
287 3878 425 3951 moveri
441 3887 564 3950 tamen
581 3875 758 3964 videatur,
776 3874 887 3948 etiam
900 3884 1018 3948 stante
1032 3896 1077 3946 co
1090 3873 1153 3970 qui
1170 3887 1328 3970 spectat,

87 3986 265 4104 ζξζρξῗᾞξ
286 4002 438 4089 propter
464 4001 606 4063 motum
634 3989 775 4062 cerebri
801 3989 859 4062 vel
888 3989 991 4060 nervi
1020 3986 1132 4084 optici
1156 3988 1328 4062 acciden-

87 4113 168 4188 tionm,
175 4111 270 4186 perun
286 4105 432 4180 tarium.
485 4102 681 4199 Cognitum
699 4101 797 4175 enim
813 4111 870 4175 est
891 4099 1126 4196 experientia,
1143 4101 1326 4192 bominac,

87 4190 136 4220 caro
151 4190 177 4228 n,
202 4189 264 4218 nem

81 4242 270 4299 opitiorum.
286 4243 309 4292 a
326 4216 559 4315 navigatione
574 4229 611 4290 et
624 4216 826 4310 jactatione
837 4216 1016 4289 fluctuum
1031 4214 1178 4288 insolita
1191 4215 1229 4289 in
1242 4217 1326 4292 loco
