2912 4912
373 329 427 382 oa
446 329 709 400 arescemus,
727 329 815 383 arc.
1057 311 1124 380 109

86 493 198 568 modo
226 495 471 594 intelligitur3
497 510 536 572 et
551 499 698 595 utrique
715 498 825 571 modo
855 497 951 569 inest
966 495 1124 568 benevo-
1164 525 1259 575 sacr.
1272 525 1310 574 ιι.

86 608 209 681 lentia.
264 608 338 682 Sed
365 634 440 683 uno
467 609 577 684 modo
605 611 817 683 nominatur
846 631 950 682 amor
977 605 1124 704 quando
1163 603 1330 706 ,ᾗ

86 722 205 810 nobie,
237 721 311 794 alio
346 722 492 818 quando
519 722 599 796 aliis
631 723 726 796 bene
760 721 939 794 volumus.
995 720 1125 815 Itaque

87 835 193 907 aliter
211 833 364 924 vicinus,
383 835 488 908 aliter
500 835 623 909 vicina
639 836 755 908 amari
772 835 889 908 solet:
916 857 1002 907 nam
1020 833 1124 906 illum

87 947 258 1023 amando.
271 947 341 1031 illi;
360 949 456 1020 hanc
467 948 636 1038 amando
648 948 754 1021 nobis
766 949 901 1022 bonum
917 947 1125 1044 quaerimus.

135 1061 233 1133 Item
250 1083 354 1134 amor
375 1059 485 1134 famae
502 1062 577 1134 sive
604 1061 828 1134 celebritatis
856 1060 954 1133 inter
980 1073 1125 1156 pertur-

87 1175 265 1260 bationes,
283 1174 315 1246 si
339 1173 473 1246 nimius
497 1174 557 1264 sit,
580 1173 772 1270 ponendus
790 1185 866 1258 est;
893 1171 958 1246 sed
982 1172 1127 1261 modus,

87 1297 163 1360 tam
179 1287 219 1359 in
238 1285 441 1382 cupiditate
456 1285 566 1358 famae
584 1309 694 1381 qnam
711 1286 749 1358 in
775 1285 978 1383 cupiditate
995 1297 1126 1359 caeter-

88 1423 191 1472 arum
203 1423 330 1472 rerum
344 1409 590 1487 externarum,
603 1410 661 1472 est
673 1399 812 1472 utilitas
824 1431 834 1484 ;
860 1422 992 1496 nempe
1006 1399 1128 1496 quoad

88 1513 260 1610 praesidio
287 1535 368 1585 esse
396 1523 562 1608 possunt.
615 1511 694 1584 Etsi
719 1513 816 1585 enim
847 1513 893 1585 de
919 1512 1019 1586 fama
1043 1523 1128 1608 post

88 1638 245 1701 mortem
261 1650 338 1699 non
367 1625 576 1722 injucunde,
592 1649 660 1698 nec
683 1625 764 1700 aliis
791 1627 973 1700 inutiliter
990 1625 1128 1722 cogita-

89 1765 179 1830 mm,
197 1740 362 1814 fallimur
390 1750 525 1829 tamen,
556 1739 732 1825 futurum,
759 1740 857 1836 quod
886 1739 1027 1814 sensuri
1053 1763 1128 1812 non

91 1875 214 1927 sumus
225 1863 290 1927 aut
300 1851 404 1948 parvi
414 1853 641 1942 aestimaturi,
653 1853 942 1950 contemplantes
952 1864 1129 1949 tanquam

91 1990 265 2062 praesens.
292 1964 397 2038 Idem
414 1966 512 2037 enim
525 1965 691 2054 facimus,
706 1990 749 2038 ac
763 1967 795 2039 si
812 1967 895 2041 ideo
909 1966 1128 2056 doleremus,

92 2079 188 2176 quod
206 2077 370 2152 celebres
386 2102 462 2151 non
478 2077 612 2152 mimus
629 2089 826 2174 antequam
843 2103 1004 2154 essemus
1021 2079 1110 2153 nati.

137 2203 173 2266 9.
202 2192 269 2265 Sui
299 2192 494 2264 aestimatio
529 2191 644 2265 nimia
672 2192 851 2266 rationem
882 2191 1057 2287 impedit;
1090 2203 1129 2266 et
1157 2221 1325 2265 summas.

91 2319 285 2403 propterea
300 2304 414 2377 animi
429 2304 657 2400 perturbatio
675 2315 743 2393 est,
756 2305 794 2377 in
808 2329 881 2402 qua
895 2305 1129 2378 efferentibus

94 2443 129 2491 se
160 2416 353 2514 spiritibus
386 2415 602 2488 animalibus
633 2426 757 2489 tumor
791 2416 941 2512 quidam
973 2418 1130 2491 sentitur

93 2533 202 2628 ipsius
225 2529 351 2602 animi.
404 2529 472 2601 Oui
495 2529 679 2602 contraria
704 2531 825 2626 passio
852 2542 908 2603 est
929 2529 1131 2603 diffidentia

92 2645 204 2718 nimia
220 2644 297 2716 sive
323 2642 437 2715 animi
463 2641 678 2716 contractio
731 2644 861 2740 Itaque
877 2643 933 2718 his
958 2643 1127 2733 solitud0,

93 2757 161 2829 illis
177 2754 386 2851 frequentia
401 2755 591 2827 hominum
603 2754 750 2850 placere
767 2756 870 2830 solet.
923 2756 988 2830 Sui
1005 2767 1129 2828 autem
1206 2749 1209 2758 ’

95 2871 287 2943 aestimatio
297 2869 399 2964 justa
407 2867 635 2963 perturbatio
645 2893 721 2942 non
732 2880 800 2960 est,
814 2870 881 2944 sed
888 2870 1001 2944 animi
1012 2879 1128 2943 status

95 2984 126 3055 is
149 2983 210 3080 qui
225 3005 305 3055 esse
331 2980 452 3054 debet.
505 2981 580 3055 Qui
602 2993 727 3054 autem
750 2993 850 3056 recte
878 3007 918 3056 se
935 2984 1128 3074 aestimant,

97 3119 142 3168 ex
165 3096 271 3168 factis
298 3095 372 3168 suis
397 3094 592 3190 praeteritis
618 3119 656 3168 se
680 3096 874 3188 aestimant,
899 3097 1024 3194 itaque
1047 3121 1130 3194 quae

96 3209 224 3299 fecere,
241 3209 376 3282 iterum
397 3219 542 3282 tentare
570 3207 718 3282 audent.
772 3211 846 3285 Qui
862 3234 950 3285 vero
976 3213 1131 3285 nimium

98 3346 138 3394 se
154 3323 345 3411 aestimant,
357 3321 417 3394 vel
430 3324 576 3417 fingrmt
589 3346 628 3396 se
646 3346 725 3396 esse
748 3324 847 3418 quod
863 3349 938 3398 non
961 3337 1060 3416 sunt,
1071 3325 1130 3399 vel

99 3435 248 3508 credunt
274 3433 535 3524 adulatoribus
553 3458 637 3509 cum
659 3447 812 3509 ventum
828 3448 885 3510 est
906 3438 955 3510 ad
970 3439 1132 3536 pericula

100 3549 175 3643 ipsa
190 3547 321 3622 animis
335 3546 521 3620 deficiunt.

152 3671 204 3736 10.
231 3661 367 3734 Dolcre
382 3660 431 3733 ob
448 3660 585 3733 malum
601 3659 772 3750 alienum,
791 3660 831 3735 id
853 3675 918 3752 est,
937 3663 1131 3738 condolere
1159 3683 1315 3729 uariarum

103 3773 172 3846 sive
187 3772 362 3870 compati,
379 3772 419 3845 id
443 3784 510 3861 cst,
527 3761 664 3845 malum
687 3774 845 3849 alienum
873 3777 943 3850 sibi
965 3775 1132 3850 accidere

102 3911 199 3980 posse
226 3885 433 3982 imaginari,
450 3885 700 3959 misericordia
725 3887 870 3962 dicitm.
922 3889 1051 3985 Itaque
1068 3891 1132 3986 qui

105 4000 272 4075 similibus
301 3999 408 4072 malis
438 3998 574 4072 assueti
603 4009 702 4089 sunt,
733 3999 850 4097 magis
879 4013 965 4074 sunt
991 4001 1132 4075 miseri-

108 4115 248 4197 cordes;
276 4124 315 4185 et
333 4123 474 4186 contra.
525 4112 622 4185 Nam
639 4113 775 4186 malum
798 4114 897 4210 quod
915 4114 995 4210 quis
1012 4115 1132 4189 minus
1172 4159 1177 4170 ·

107 4239 268 4324 expertus
286 4237 354 4316 est,
371 4225 492 4300 minus
508 4225 641 4300 metuit
658 4227 737 4300 sibi.
789 4228 895 4318 Item,
914 4251 1051 4318 eorum,
1069 4229 1132 4326 qui
