2848 4908
285 266 359 347 270
693 289 925 343 rorensium.

87 485 187 538 sm,
203 487 256 538 ιη,
283 449 415 525 vitium
454 463 512 526 est
544 454 719 552 regentis,
753 479 831 530 non
863 455 1082 554 regiminis:
1125 479 1201 530 uon
1234 457 1340 530 enim

99 563 242 668 L
283 563 450 639 Neronis
466 565 566 642 fecte
590 569 818 642 monarchia
847 581 934 644 suut
963 568 1090 643 omnic
1113 569 1339 644 essentialia.

72 701 270 748 cinnama
283 679 408 752 Minus
424 689 549 754 temen
567 705 664 777 saepe
682 681 906 756 damnantur
918 683 1017 757 cives
1033 683 1231 772 immerito,
1249 707 1340 780 reg-

70 767 394 890 fflffl'sslnmte
411 791 567 883 Itoniae,
587 819 697 890 quem
720 795 847 893 popul
871 850 880 869 .
933 795 1030 870 Nam
1052 817 1160 892 reges
1177 795 1340 870 saeviunt

70 897 320 1020 „imiimi”
347 929 410 980 eos
439 915 596 996 tantum,
615 907 678 1004 qui
694 907 753 980 vel
770 907 931 981 consiliis
959 905 1228 1004 intempestivis
1253 933 1339 982 mo-

281 1017 376 1111 lesti,
392 1021 451 1094 vel
467 1021 590 1095 verbis
607 1021 892 1112 contumeliosis,
905 1021 964 1094 vel
980 1021 1171 1096 voluntate
1188 1021 1338 1096 adversi

281 1131 370 1232 ipsis
380 1133 466 1207 solie
477 1145 573 1208 sunt.
601 1133 757 1207 Faciunt
767 1143 892 1208 eutem
905 1133 1135 1230 utpoteutiae
1148 1155 1337 1224 excessus,

283 1268 391 1340 quem
404 1245 541 1320 hebere
557 1269 653 1320 unus
666 1245 756 1319 civis
770 1269 881 1342 supra
897 1245 1010 1319 elium
1019 1245 1150 1342 possit,
1160 1245 1337 1322 innoxius

282 1356 342 1432 sit.
394 1359 524 1456 Itaque
547 1357 700 1432 Nerate
717 1356 776 1432 vel
797 1357 981 1457 Caligula
998 1359 1123 1456 aliquo
1140 1371 1335 1456 regnante,

281 1473 359 1568 peti
388 1471 571 1546 immerito
600 1496 710 1547 nemo
739 1481 877 1569 potest,
904 1470 977 1545 uisi
1002 1472 1065 1568 qui
1093 1471 1163 1569 ipsi
1194 1475 1335 1569 cogniti

283 1594 381 1676 sunt,
398 1585 572 1660 nimirum
589 1585 712 1674 aulici,
726 1586 787 1659 vel
804 1607 956 1660 munere
974 1585 1098 1682 aliquo
1116 1587 1309 1682 conspicui
1323 1619 1334 1670 ;

281 1723 402 1796 neque
419 1723 559 1790 omnes,
577 1699 643 1774 sed
659 1699 713 1773 illi
730 1699 810 1790 soli,
826 1699 958 1795 quibus
971 1710 1028 1774 est
1040 1699 1142 1796 quod
1151 1699 1184 1774 is
1197 1699 1334 1774 hebere

282 1815 406 1910 cupit;
432 1839 519 1888 nem
546 1814 609 1912 qui
640 1814 784 1888 molesti
811 1824 877 1888 cut
899 1812 1157 1888 contumeliosi
1180 1813 1221 1886 in
1249 1837 1332 1888 eum

282 1938 380 2018 sunt,
398 1927 530 2001 merito
557 1927 784 2024 plectuntur.
836 1927 881 1999 ln
908 1925 1129 2000 monarchia
1155 1925 1332 2023 igitur‚is

283 2040 346 2136 qui
371 2040 487 2115 latere
503 2041 596 2130 vult,
615 2039 880 2137 qualiscunque
908 2037 956 2112 sit
973 2038 1037 2135 qui
1064 2049 1211 2136 regnat,
1229 2051 1333 2112 extra

280 2153 487 2249 periculum
503 2165 569 2228 est.
596 2153 790 2228 Potiuntur
807 2151 906 2226 enim
920 2151 988 2226 soli
998 2151 1197 2242 ambitiosi,
1208 2153 1330 2228 ceteri

281 2266 328 2340 ab
358 2265 502 2362 injuriis
527 2267 778 2364 potentiorum
805 2264 1064 2340 defenduntur.
1118 2265 1194 2340 Sed
1211 2265 1251 2340 in
1267 2265 1330 2340 do-

281 2379 482 2453 minatione
492 2379 681 2476 populari
698 2391 755 2454 tot
772 2389 929 2475 possunt
946 2401 1026 2452 esse
1041 2377 1230 2468 Nerones,
1242 2393 1330 2478 quot

282 2501 368 2566 sunt
385 2501 560 2566 oratores
578 2493 642 2590 qui
651 2491 799 2592 populo
816 2491 1037 2576 adulantum
1063 2503 1212 2566 tautum
1234 2493 1328 2567 enim

280 2617 403 2703 potest
428 2607 679 2705 uuusquisque
697 2629 836 2696 eorum,
851 2619 1031 2702 quantum
1048 2605 1127 2703 ipse
1137 2605 1329 2706 popolus:

280 2731 392 2817 atque
410 2719 449 2792 in
466 2719 758 2794 subtrahendisa
773 2743 885 2816 poeua
901 2718 959 2808 iis,
977 2719 1041 2815 qui
1057 2742 1125 2816 per
1141 2719 1327 2794 libidinem

280 2844 319 2909 et
336 2835 422 2908 odia
437 2833 584 2932 privata
597 2834 766 2908 concives
784 2833 969 2908 immerito
983 2833 1213 2924 occiderunt,
1227 2835 1326 2932 qussi

280 2949 395 3022 tacito
409 2947 569 3044 quodum
585 2948 684 3022 inter
700 2971 739 3022 se
756 2959 880 3045 pecto,
896 2947 1007 3022 bodie
1021 2947 1123 3038 milri,
1141 2969 1232 3022 crac
1250 2949 1327 3034 titi,

281 3061 376 3134 alter
402 3060 553 3136 alterius
583 3061 748 3160 cupidini
778 3075 907 3136 mutuo
937 3061 1085 3136 cedunt.
1138 3061 1327 3148 Praetereo,

281 3175 458 3271 potentiae
474 3174 629 3271 privatae
655 3175 835 3248 terminus
853 3173 1003 3271 quidam
1017 3185 1085 3265 est,
1102 3174 1203 3248 ultra
1222 3199 1326 3272 quem

280 3287 421 3362 civitati
448 3288 655 3384 perniciosa
670 3289 798 3363 futura
818 3300 886 3378 est,
904 3299 943 3362 et
957 3299 1111 3386 propter
1128 3311 1241 3385 quum
1258 3313 1326 3364 no·

279 3401 435 3476 aarclrio
465 3401 661 3498 aliquando
690 3403 939 3477 necessarium
966 3413 1023 3477 est
1051 3401 1261 3499 providere,
1283 3425 1326 3476 ue

280 3513 472 3610 quidinde
489 3517 697 3613 respublica
709 3517 832 3613 capiat
842 3516 1066 3591 detrimenti.
1094 3515 1201 3590 lllom
1218 3515 1326 3612 igitur

279 3629 496 3726 potentiam,
515 3629 663 3727 quando
688 3631 728 3704 in
745 3629 883 3704 divitiis
911 3631 983 3704 sito
1006 3639 1098 3720 erut,
1117 3627 1325 3702 divitiarum

281 3741 524 3818 diminutione
548 3743 822 3828 diminueruut;
848 3745 878 3818 si
909 3742 1163 3840 quandovero
1190 3741 1324 3818 consis-

280 3868 377 3931 teret
393 3857 432 3931 in
458 3881 549 3931 oure
567 3857 767 3957 populari,
786 3858 907 3955 ipsum
934 3867 1127 3954 potentem
1154 3855 1233 3930 sine
1257 3853 1324 3928 alio

280 3971 432 4046 erimine
467 3971 704 4045 sustulerunt.
757 3971 860 4045 Idem
895 3970 934 4044 in
968 3969 1215 4044 deoneratiis
1248 3965 1323 4042 fieri

280 4083 384 4157 solet.
436 4085 534 4158 Nem
551 4085 772 4158 ostracitae
789 4081 1007 4158 exsulabunt
1019 4092 1192 4179 potentes
1209 4081 1322 4156 Atte-

280 4193 426 4268 aienses
443 4197 521 4271 sine
540 4195 703 4286 erimine,
729 4208 882 4293 propter
904 4193 1108 4292 potentiam
1127 4193 1265 4278 solam
1290 4205 1323 4266 et
