2904 4916
94 493 190 542 SEC'I'.
202 493 254 544 111.

80 571 243 676 ‚m

284 271 381 351 271Ι
480 305 484 318 ·
689 289 919 344 meatuum.

283 456 396 530 habet
408 450 598 552 'perpetua
615 465 653 529 et
669 457 781 554 longa
796 457 853 531 uti
870 457 1037 531 oratione
1052 488 1062 543 ;
1088 479 1256 553 eamque,
1270 481 1335 530 ex-

284 569 518 642 istimationis
536 592 657 660 eausa,
670 571 908 646 audientibus
926 581 1106 668 quantum
1130 580 1256 668 potest
1274 595 1335 644 or-

283 695 411 758 natam
424 693 640 779 gratamque
658 684 867 781 eloquentia
883 683 1048 758 reddere.
1100 684 1336 780 Eloquentiae

284 807 408 872 autem
425 818 559 868 munus
574 806 640 886 est,
660 795 789 870 bonum
803 812 841 871 et
857 796 1004 887 molam,
1022 795 1116 869 utile
1135 808 1174 869 et
1184 796 1335 887 inatile,

283 908 476 983 honestam
506 918 543 981 et
573 907 815 999 inhonestam,
843 910 965 983 faeere
993 932 1170 1005 apparere
1190 911 1337 1005 maj0ra

284 1022 343 1097 vel
360 1023 503 1096 minora
513 1044 623 1118 quam
637 1046 766 1097 revera
783 1033 880 1114 sunt,
893 1034 932 1096 et
939 1025 1084 1118 justum
1097 1022 1216 1095 videri
1234 1024 1338 1119 quod

285 1136 463 1229 injustum
494 1145 561 1221 est,
590 1144 702 1230 prout
735 1136 783 1209 ad
811 1137 923 1208 finem
958 1133 1113 1208 dicentis
1144 1135 1336 1209 videbitur

285 1248 503 1323 conducere.
556 1248 640 1321 Hoc
658 1250 756 1322 enim
782 1259 838 1323 est
863 1245 1108 1346 persuadere;
1134 1260 1174 1321 et
1205 1273 1336 1345 quam·

286 1385 398 1460 quam
414 1360 691 1451 ratiocinentur,
710 1385 786 1435 non
813 1361 1021 1458 procedunt
1047 1370 1173 1434 tamen
1193 1384 1217 1433 a
1232 1361 1335 1457 prin-

286 1475 391 1572 oipiis
409 1473 515 1562 veris,
540 1473 605 1547 sed
623 1474 669 1547 ab
688 1473 838 1565 ἐνδόξοις,
855 1474 895 1547 id
912 1484 980 1564 est,
999 1473 1236 1570 opinionibus
1257 1476 1336 1570 jam

284 1589 395 1685 vulgo
412 1587 582 1683 receptis,
601 1611 683 1683 quae
699 1588 859 1660 maxima
881 1611 927 1660 ex
951 1599 1057 1683 parte
1071 1611 1239 1661 erroneae
1257 1611 1336 1662 esse

285 1702 416 1788 solent,
434 1723 553 1795 neque
582 1699 786 1772 orationem
814 1723 917 1772 suam
941 1711 1085 1774 naturae
1113 1723 1240 1772 rerum
1270 1701 1337 1775 sed

285 1814 477 1892 affectibus
511 1812 716 1885 animorum
746 1813 1027 1886 convenientem
1059 1835 1139 1886 esse
1168 1814 1334 1889 student.

286 1928 394 2002 Unde
412 1925 548 2000 accidit
563 1949 638 1999 non
656 1937 758 1998 reeta
785 1927 939 2016 ratione,
958 1927 1023 2000 sed
1050 1926 1192 2022 impetu
1221 1929 1336 2001 animi

287 2041 486 2114 sententias
502 2039 601 2114 ferri.
640 2037 769 2134 Neque
787 2048 842 2112 est
857 2039 929 2113 hoo
947 2039 1117 2129 hominis,
1136 2040 1203 2113 sed
1220 2041 1334 2138 ipsius

288 2153 508 2251 eloquentia
524 2153 666 2242 vitium,
679 2154 782 2249 cujus
795 2153 889 2242 finis,
899 2163 943 2226 ut
953 2152 1120 2249 magistri
1137 2154 1334 2230 rhetorioae

288 2291 415 2341 omnes
438 2267 586 2356 docent,
603 2290 679 2339 non
695 2267 830 2340 veritas
861 2279 928 2353 est,
960 2266 1031 2340 nisi
1053 2289 1121 2362 per
1148 2267 1334 2360 accidens,

288 2379 352 2454 sed
363 2381 539 2462 vietoria;
567 2389 604 2453 et
621 2403 766 2470 munus,
781 2405 856 2454 non
869 2402 1015 2469 nocere,
1033 2377 1099 2452 sed
1116 2380 1286 2456 suadere.

342 2503 398 2569 12.
424 2495 550 2570 Tertia
576 2517 697 2585 eausa,
717 2517 830 2590 quare
857 2494 897 2567 in
921 2516 1056 2590 magno
1084 2506 1186 2567 coetu
1215 2495 1339 2569 minus

287 2607 427 2682 utiliter
455 2607 688 2697 deliberatur,
706 2631 750 2680 ea
775 2617 841 2697 est,
860 2604 959 2703 quod
975 2606 1062 2680 inde
1074 2607 1282 2703 factiones
1298 2609 1338 2682 in

288 2721 434 2796 civitate
452 2719 629 2809 oriantur,
644 2731 682 2794 et
696 2718 989 2817 assuetionibus
1002 2718 1134 2793 seditio
1145 2717 1339 2795 'etbellum

289 2832 405 2908 civile.
447 2834 605 2916 Quando
624 2834 722 2906 enim
739 2832 931 2916 contrariis
949 2833 1142 2906 sententiis
1160 2835 1338 2908 orationi-

288 2948 429 3044 busque
445 2958 615 3043 pugnant
640 2947 798 3041 aequales
823 2954 999 3037 oratores
1017 2946 1137 3019 victus
1154 2947 1338 3022 victorem

289 3084 425 3156 eosque
455 3082 531 3132 una
558 3083 696 3148 omnes,
728 3060 791 3154 qui
817 3058 913 3132 illius
940 3061 1161 3133 sententiam
1190 3063 1338 3158 sequuti

288 3184 385 3262 sunt,
402 3182 579 3269 tanquam
610 3172 804 3245 consilium
831 3185 869 3245 et
891 3171 1109 3268 sapientiam
1127 3197 1234 3248 suam
1252 3199 1338 3250 eon-

287 3285 508 3382 temsissent,
527 3285 616 3375 odit,
634 3283 831 3381 studetque
849 3284 1035 3380 quomodo
1053 3285 1165 3360 faciat
1186 3299 1232 3361 ut
1249 3313 1339 3362 con-

289 3398 410 3474 silium
436 3397 634 3472 adversarii
664 3399 803 3472 exitum
821 3397 996 3472 sortiatur
1021 3399 1163 3472 civitati
1181 3400 1338 3475 damno

289 3537 395 3598 sum;
422 3513 473 3586 sic
492 3511 589 3585 enim
603 3511 673 3586 sibi
683 3511 904 3603 restitutam,
917 3512 969 3585 illi
980 3513 1165 3586 ademtam
1178 3514 1338 3610 gloriam

288 3627 334 3698 iri
350 3627 463 3700 videt.
515 3627 708 3715 Praeterea,
726 3626 790 3700 ubi
808 3627 983 3722 suffragia
1006 3651 1081 3700 non
1099 3638 1185 3701 sunt
1202 3628 1258 3702 ita
1281 3629 1337 3704 in-

289 3741 454 3836 aequalia,
482 3739 571 3835 quin
589 3761 672 3835 spes
699 3740 806 3814 victis
824 3739 882 3830 sit,
912 3763 1019 3837 posse
1036 3764 1075 3814 se
1093 3741 1131 3814 in
1150 3757 1338 3818 conventu

288 3853 373 3943 alio,
397 3852 604 3927 accessione
626 3876 828 3949 paucorum
850 3855 1043 3927 hominum
1061 3855 1130 3929 sibi
1149 3859 1337 3931 consenti-

288 3966 439 4054 entium,
473 3975 597 4060 partes
639 3965 775 4040 habere
802 3966 1034 4062 superiores,
1073 3968 1124 4040 ibi
1157 3971 1336 4068 praeoipui

289 4102 416 4152 eorum
434 4086 586 4150 caeteros
600 4092 829 4163 convocant;
856 4079 1008 4152 seorsim
1027 4079 1336 4178 deliberantque

288 4189 397 4264 modo
432 4190 652 4264 sententiam
684 4201 770 4265 ante
803 4193 918 4267 latam
952 4193 1131 4289 abrogare
1165 4197 1333 4291 possint;
