2918 4912
302 283 375 349 206
720 299 933 352 nmnnrns.

105 493 205 544 sucu,
219 494 272 546 111,
301 463 437 535 mirum
453 464 517 536 ubi
534 465 795 539 controversiae
813 465 923 540 vitari
939 489 1017 540 non
1032 478 1200 565 possunt,
1214 471 1352 544 consti-

119 572 262 678 ,ᾗ
302 578 481 650 tuendum
504 601 584 651 esse
600 602 647 651 ex
678 602 859 652 consensu
886 580 1048 675 partium
1068 579 1229 676 aliquem
1252 584 1352 656 arbi-

300 700 411 780 trum,
439 713 595 788 eumque
612 692 774 782 tertium,
793 693 845 767 ita
862 703 915 781 ut,
942 717 1025 789 quae
1048 704 1104 767 est
1124 693 1185 767 lex
1206 695 1351 770 decima

302 816 417 895 sexta,
430 814 562 878 neuter
577 805 803 903 litigantium
817 806 932 903 judex
946 807 995 880 sit
1010 807 1050 880 in
1062 830 1173 880 causa
1183 810 1348 906 propria.

117 925 282 1048 fflffl
357 923 413 1002 l7.
442 919 554 993 Quod
570 930 692 993 autem
702 920 816 1017 judex
834 921 908 994 sive
922 921 1058 994 arbiter
1071 921 1266 1016 praemium
1279 947 1349 1020 pro

118 1007 292 1109 nummariis
304 1032 486 1104 sententia
503 1033 669 1128 accipere
686 1057 763 1106 non
781 1033 925 1122 debeat,
940 1057 1023 1128 quae
1036 1034 1096 1106 lex
1110 1033 1255 1108 decima
1268 1061 1349 1134 sep-

117 1125 286 1242 {sslssffl
303 1145 395 1218 tima
416 1156 483 1236 est,
514 1156 670 1236 constat,
700 1146 828 1220 Euod.
859 1146 961 1220 xxiii.
989 1155 1036 1220 8:
1063 1147 1148 1220 Nec
1175 1149 1348 1246 accipies

115 1250 216 1359 {⁰3¹⁰
236 1266 282 1296 ¹¹⁰⁰
304 1283 467 1346 munera,
495 1259 711 1357 quantiam
739 1270 929 1334 eucaecant
947 1259 1171 1356 prudentae,
1200 1271 1239 1334 et
1264 1262 1349 1335 aab·

303 1381 453 1445 uertunt
474 1374 588 1446 uerba
607 1375 800 1468 justorum
813 1402 827 1448 .·
861 1386 900 1448 et
917 1373 1163 1448 Ecclesiastio.
1192 1399 1254 1448 xx.
1274 1386 1345 1450 31:
1442 1423 1443 1448 t

298 1484 426 1557 Xeuiu
443 1496 481 1558 et
499 1487 598 1559 dona
615 1496 809 1560 excertant
826 1486 953 1560 oculos
960 1487 1145 1582 judicum.
1198 1488 1255 1561 Ex
1273 1514 1347 1586 quo

298 1599 462 1695 sequitur
479 1623 598 1696 neque
616 1600 771 1696 obligari
788 1625 872 1673 eum
889 1600 987 1697 parti
1003 1599 1080 1684 uni,
1098 1602 1216 1697 magis
1234 1625 1347 1700 quam

297 1714 426 1798 alteri;
455 1738 537 1809 quae
560 1726 615 1789 est
641 1715 701 1788 lex
728 1714 1007 1803 decimanona,
1032 1715 1346 1811 confirmaturque

297 1827 409 1901 etiam
419 1829 529 1902 Deut.
540 1829 564 1901 i.
581 1833 638 1918 17,
652 1827 772 1900 Nulla
787 1829 863 1900 crit
873 1826 1061 1901 distantia
1071 1852 1325 1925 personarum
1331 1857 1346 1913 ,-

297 1941 354 2012 ita
366 1966 529 2039 paruum
546 1942 713 2014 audictis
736 1951 778 2014 ut
803 1965 1003 2039 magunum
1030 1953 1069 2012 et
1094 1942 1266 2016 omnibus
1293 1943 1345 2016 eis

295 2054 398 2141 loois,
433 2080 516 2152 quae
543 2055 706 2129 adducta
735 2066 822 2130 sunt
847 2067 979 2128 contra
1011 2077 1255 2150 personarum
1284 2080 1345 2130 ac-
1443 2127 1444 2150 ἱ

296 2169 515 2264 ceptionem.
1443 2153 1444 2164 ἵ

113 2281 277 2392 {fftff'dssmt
350 2290 407 2355 18.
435 2282 547 2357 Quod
563 2281 756 2379 injudicio
778 2279 880 2370 facti,
907 2289 1021 2354 testes
1038 2279 1241 2354 adhibendi
1258 2282 1343 2372 sint,

115 2363 274 2492 nutribili
296 2419 382 2490 quae·
401 2406 457 2468 est
482 2395 542 2468 lex
568 2394 710 2469 decima
736 2405 878 2484 octava,
905 2418 981 2467 non
1004 2393 1115 2466 modo
1146 2396 1344 2469 confirmat

115 2480 222 2524 ΜΨ
296 2509 497 2605 Scriptura,
512 2508 577 2581 sed
590 2508 745 2605 requirit
758 2507 894 2602 plures.
921 2507 1032 2580 Deut.
1047 2506 1133 2579 xvii.
1148 2515 1194 2579 6:
1214 2507 1263 2580 In
1278 2535 1343 2582 ore

294 2621 449 2696 duorum
460 2633 527 2696 aut
541 2622 654 2694 trium
665 2621 815 2694 testium
822 2619 982 2718 peribit,
998 2619 1064 2718 qui
1075 2619 1339 2713 interficietur.

293 2735 397 2809 Idem
414 2736 595 2832 repetitur
611 2733 725 2807 Deut.
744 2735 817 2806 xix.
841 2743 897 2808 15.

97 2864 280 2946 marsana„
347 2858 403 2923 19.
430 2850 610 2939 Ebrietas,
638 2871 748 2943 quam
774 2846 856 2921 ideo
882 2847 979 2920 inter
1000 2846 1219 2920 violationes
1249 2846 1340 2944 legis

94 2930 272 3042 lullumtliii'
292 2963 470 3036 naturalis
505 2963 636 3036 ultimo
671 2960 753 3034 loco
783 2961 1070 3049 numeravimus,
1105 2959 1193 3054 quia
1227 2971 1339 3035 rectae

95 3067 177 3108 aaa:
291 3073 1338 3171 rationisnsumimpedit,prohibeturinscripturissacris

292 3190 402 3262 etiam
419 3201 572 3286 propter
589 3188 745 3263 eandem
763 3212 922 3261 causam.
975 3187 1147 3260 Proverb.
1174 3210 1256 3281 cap.
1278 3211 1337 3260 xx.

290 3327 384 3378 vers.
403 3313 439 3376 1:
467 3303 684 3376 Lucuriosa
702 3327 778 3394 res,
792 3303 926 3392 ninum,
937 3311 976 3374 et
994 3299 1221 3374 tumultuare
1239 3299 1338 3372 ebri-

291 3427 386 3505 etas,
404 3415 613 3516 quicunque
634 3416 693 3488 Iris
721 3415 945 3501 delectatur,
970 3439 1043 3488 nou
1069 3413 1146 3486 erit
1168 3412 1337 3509 sapiens.

290 3532 339 3605 Et
357 3532 528 3606 Proverb.
551 3530 649 3605 xxxi.
664 3540 700 3619 4,
720 3539 759 3602 5:
787 3528 883 3602 Noti
903 3527 1060 3625 regibus
1084 3525 1181 3598 dare
1202 3525 1336 3615 uinum,

289 3672 337 3719 ne
349 3646 467 3743 sorte
493 3644 634 3731 bibant,
664 3654 702 3717 ct
730 3641 1003 3716 oblibiscantur
1023 3639 1272 3735 judiciorum,
1300 3647 1337 3710 et

290 3769 430 3834 mutent
473 3782 625 3832 causam
655 3756 830 3851 filiorum
850 3753 1053 3853 pauperia.
1123 3753 1176 3826 Ut
1211 3764 1335 3824 autem

290 3873 447 3946 sciamus
472 3870 652 3944 malitiam
672 3869 782 3964 hujus
804 3868 886 3941 vitii
903 3866 1103 3941 consistere
1119 3864 1334 3953 formaliter,

289 3988 420 4060 nonin
438 3984 645 4083 quantitate
658 3983 734 4056 vini
752 3982 853 4079 quod
869 3980 1020 4071 bibitur,
1039 3979 1157 4054 sedin
1175 4002 1219 4051 eo
1238 3975 1336 4074 quod

285 4100 466 4196 judicium
484 4109 522 4174 et
538 4098 720 4172 rationem
741 4096 949 4186 labefactet,
976 4094 1143 4192 sequitur
1167 4092 1335 4190 proximo

288 4236 410 4302 versu,
427 4213 534 4286 ,Date
546 4212 707 4287 siceram
722 4207 975 4299 manentibus,
988 4217 1026 4283 et
1048 4207 1170 4281 uinum
1183 4203 1256 4294 uis,
1270 4203 1335 4304 qui
