2918 4912
284 267 357 335 204
697 279 914 333 LIBER'l’As.

89 478 186 529 suco.
201 478 254 530 111.
285 445 464 530 tremelio:
491 445 554 521 ubi
567 457 689 522 autem
706 457 766 520 eet
778 446 984 539 humiliter,
1002 445 1058 520 ibi
1070 456 1108 520 et
1121 447 1332 544 rapientia.

98 556 243 661 ,ξύ
284 561 381 635 Item
391 562 625 653 Isai.xl.3,4:
643 563 708 637 ubi
720 562 899 636 adventus
910 561 1060 636 Messiae
1069 561 1330 651 annunciatur,

283 700 352 772 pro
381 677 652 774 praeparatione
672 676 722 750 od
748 699 904 772 regnum
929 676 1020 772 ejus,
1037 673 1110 749 'vox
1137 674 1332 748 clamantis

283 789 323 862 in
348 789 506 880 deserto,
524 791 605 864 haec
622 799 703 864 est:
729 789 877 861 Parate
901 787 999 861 oium
1015 787 1183 879 Domini,
1202 796 1334 862 rector

269 902 406 999 facite
425 905 465 978 in
492 903 697 979 solitudine
724 903 880 976 semitae
904 903 982 976 Dei
1009 904 1146 976 nostri.
1201 901 1334 975 Omuie

285 1015 400 1089 vallio
413 1017 660 1107 exaltabitur,
673 1025 711 1089 et
722 1017 840 1088 omnio
857 1041 960 1088 mone
978 1025 1017 1088 et
1034 1013 1332 1089 eollieheme'iia-

286 1129 400 1203 bitur.
453 1131 564 1207 Quod
580 1133 717 1228 absque
735 1130 846 1204 dubio
862 1154 939 1203 non
957 1128 1006 1203 ad
1026 1138 1184 1216 montes,
1201 1128 1268 1202 sed
1284 1128 1333 1202 od

285 1243 453 1316 homines
466 1243 635 1318 refertur.

110 1435 115 1444 ,
133 1402 139 1421 ›
155 1381 232 1444 none,
343 1365 399 1429 12.
426 1357 612 1454 AEqoitoe
629 1367 765 1445 autem,
784 1380 894 1451 quam
911 1355 1117 1452 possuimus
1130 1379 1231 1429 nono
1248 1355 1334 1429 loeo

116 1447 206 1544 inme·
225 1513 231 1542 ι
288 1494 366 1543 esse
382 1470 503 1567 legem
519 1481 674 1560 naturae,
694 1494 766 1567 qua
782 1469 981 1565 unicuique
991 1469 1209 1566 praeoipitur
1223 1478 1336 1542 oaete-

286 1583 337 1656 ris
355 1583 484 1656 eodem
497 1585 583 1681 jura
599 1583 826 1680 permittere,
845 1606 929 1678 quoe
946 1583 1016 1656 sibi
1032 1582 1200 1679 permitti
1218 1581 1334 1678 eupit,

267 1701 443 1794 ¹quaeque
470 1708 622 1770 caeteras
648 1719 774 1769 omnes
799 1695 899 1792 leges
924 1696 963 1769 in
991 1719 1029 1768 se
1061 1695 1334 1791 complectitur,

286 1811 417 1884 eadem
442 1825 500 1883 est
534 1834 644 1907 quom
670 1820 708 1882 et
735 1810 858 1882 Moses
885 1809 1001 1905 ponit,
1028 1809 1147 1883 Levit.
1165 1810 1242 1882 xix.
1265 1816 1336 1884 18:

285 1922 444 2022 Diliges
461 1923 618 1996 amicum
642 1933 743 1996 teum
760 1922 860 1996 sicut
878 1922 1040 2020 teipsum
1050 1950 1067 2005 ,·
1092 1934 1130 1996 et
1159 1923 1339 1996 Servator

286 2048 413 2111 noster
430 2061 610 2110 summam
627 2036 681 2109 ait
698 2060 778 2109 esse
795 2036 886 2133 legis
904 2035 1064 2125 moralis,
1083 2035 1220 2109 Matth.
1246 2035 1338 2108 xxii.

288 2159 420 2224 36-40:
439 2149 649 2247 Magister,
665 2149 768 2246 quod
785 2159 843 2222 est
868 2149 1084 2222 mandatum
1100 2174 1277 2248 maguum
1297 2149 1340 2222 ire
1449 2205 1450 2216 ,

288 2263 411 2361 lege?
450 2262 520 2335 Ait
555 2262 616 2334 illi
642 2259 782 2335 Jeme:
809 2261 953 2359 diliger
979 2262 1178 2335 Dominum
1213 2262 1343 2335 Deum

289 2385 400 2465 tuere,
414 2385 485 2450 eto.
499 2373 568 2448 ltoc
582 2383 640 2448 eet
654 2374 850 2447 martimum
864 2385 902 2447 et
913 2399 970 2472 pr
976 2375 1083 2448 imum
1098 2375 1317 2450 mundatem
1325 2405 1340 2463 ,·

288 2489 488 2562 secundum
522 2499 645 2562 autem
674 2487 797 2560 simile
824 2498 882 2561 eet
906 2487 1005 2574 huie,
1032 2488 1175 2587 diliger
1197 2492 1341 2586 proei-

289 2626 384 2675 mum
395 2613 506 2692 tuom,
520 2602 621 2675 sieut
635 2602 794 2700 teipsum
804 2630 818 2675 .·
845 2602 882 2675 iu
907 2601 968 2674 hie
985 2601 1129 2674 duoboe
1144 2603 1343 2676 mundetis

288 2715 464 2788 universo
482 2714 545 2788 leo
556 2713 714 2813 pendet,
727 2725 765 2787 et
774 2714 989 2813 prophete.
1027 2715 1192 2811 Diligere
1211 2727 1342 2790 autem

288 2829 498 2925 proximum
522 2829 619 2901 sicut
644 2829 816 2925 seipsum,
842 2827 934 2901 nihil
958 2828 1058 2901 aliud
1075 2839 1145 2918 est,
1172 2853 1287 2926 quam
1304 2831 1341 2903 ei

289 2943 413 3017 omnia
427 2942 653 3038 permittere,
678 2967 760 3039 quae
787 2942 1060 3038 nobismetipsis
1086 2943 1342 3039 permittenda

289 3079 367 3129 esse
383 3056 623 3152 postulamus.

78 3179 278 3258 &motzae
344 3179 400 3242 13.
427 3170 526 3265 Lege
544 3169 687 3242 decima
702 3179 849 3242 vetetur
870 3168 1043 3267 acceptio
1060 3191 1341 3266 perrenorum,-

76 3244 278 3367 ffinffsssssslffi
289 3282 600 3380 quemadmodum
618 3283 730 3356 etiam
753 3282 843 3355 loeis
868 3281 1116 3378 sequentibuS.
1144 3281 1284 3356 Matth.
1302 3309 1343 3356 v.

77 3389 234 3434 ⁹⁰¹⁸⁰¹¹⁸⁰²¹²¹²
290 3404 351 3486 45,
377 3395 427 3468 Ut
436 3395 523 3468 ritis
522 3394 607 3489 filii
617 3393 753 3467 Patrio
766 3394 895 3482 vestri,
910 3393 976 3492 qui
979 3393 1092 3491 saeit
1105 3391 1220 3465 solem
1232 3418 1341 3467 ouum

290 3509 389 3582 oriri
405 3532 521 3608 super
529 3509 657 3603 justos
676 3518 714 3580 et
732 3507 902 3603 injustos.
929 3506 1070 3580 coloso.
1089 3507 1139 3580 iii.
1164 3516 1204 3580 11
1222 3535 1231 3578 :
1250 3508 1341 3581 Non

290 3632 349 3696 est
366 3622 529 3696 Gentilir
542 3631 581 3694 et
592 3619 768 3711 Jodoeue,
782 3619 984 3693 Barbarus
997 3629 1035 3692 et
1046 3619 1340 3717 &peteremus

290 3745 329 3810 et
346 3736 445 3809 liber
455 3763 469 3820 ;
496 3734 569 3807 ted
579 3733 713 3823 omnio,
727 3743 766 3806 et
779 3733 818 3805 iu
835 3730 1000 3806 omuibus
1021 3731 1208 3806 Christus.
1253 3735 1339 3808 Act.

289 3875 325 3924 x.
345 3859 415 3924 34:
442 3849 488 3922 In
511 3849 675 3922 ueritate
692 3847 869 3947 comperi,
895 3846 986 3943 quio
1007 3871 1079 3918 noe
1102 3855 1160 3919 est
1175 3870 1341 3944 perron-

289 3987 397 4037 orom
414 3972 594 4062 acceptor
604 3962 722 4034 Deus.
750 3971 773 4035 2
792 3960 1008 4055 Paralipom.
1022 3960 1096 4032 xix.
1116 3963 1155 4043 7:
1181 3959 1271 4034 Non
1283 3971 1343 4032 eet

290 4078 398 4175 apud
411 4076 606 4150 Dominum
624 4085 790 4148 uestrum
807 4073 1001 4172 iniquitat,
1025 4099 1143 4170 neque
1164 4073 1344 4172 acceptio

284 4214 547 4289 perrenorum.
574 4188 934 4263 Ecclesiastiomxxv.
953 4195 1013 4261 15:
1031 4185 1213 4260 Dominus
1214 4187 1344 4283 judee
