2896 4914
218 319 272 372 nn
292 317 705 374 nnnnnsnsmrrosn
725 321 910 394 carnem,
929 322 1017 379 nro.
1086 309 1134 378 33

100 488 224 562 eodem
240 489 352 563 modo
369 489 591 586 apparuisse,
607 490 750 564 tamdiu
772 491 855 566 idea
882 491 955 583 illa,
983 516 1066 590 quoe
1095 493 1134 568 in

97 603 272 677 memoria
280 613 348 693 est,
362 605 540 695 consistit,
552 615 589 678 et
602 603 756 678 confusa
768 605 807 678 in
817 629 929 680 unam
941 629 1025 680 cum
1038 607 1133 698 idea,
1235 607 1261 654 ⁴·

98 743 177 814 quae
204 719 248 792 fit
274 742 297 791 a
325 718 405 792 visa
433 719 570 809 tabula,
588 718 627 791 in
648 718 770 793 animo
794 719 985 812 retinetur,
1009 721 1132 818 potius

97 857 204 928 quam
218 831 412 906 excitatur.
439 832 620 907 Similium
633 833 743 924 enim,
756 833 984 931 inquantum
1001 834 1135 910 similia

96 960 192 1037 sunt,
201 971 277 1021 una
286 958 432 1022 tantum
445 958 501 1023 est
510 947 604 1038 idea,
616 947 924 1044 quemadmodum
934 973 1000 1046 per
1014 957 1134 1024 totum

97 1062 192 1134 diem
215 1061 370 1135 eandem
394 1086 473 1136 rem
500 1062 685 1136 intuentes
711 1062 865 1136 eandem
882 1064 961 1160 ejus
987 1085 1132 1162 semper

94 1176 271 1248 habemus
283 1175 493 1272 imaginem.
518 1175 683 1250 Excitari
695 1185 819 1250 autem
829 1177 875 1250 ab
886 1185 1036 1274 aspectu
1048 1176 1133 1251 sim·

94 1289 198 1386 plicis
226 1289 402 1385 trianguli
418 1289 539 1363 ideam
554 1289 718 1386 porticus
736 1289 775 1364 in
798 1289 855 1378 iis,
874 1289 937 1387 qui
963 1313 1132 1366 assueve-

94 1412 178 1475 runt
194 1425 321 1475 rerum
333 1402 566 1499 apparentiae
583 1425 668 1478 cum
679 1401 776 1476 veris
793 1402 992 1476 eamndem
1003 1403 1132 1500 figuris

94 1538 319 1612 comparare,
338 1514 484 1590 difficile
511 1539 588 1590 non
605 1523 675 1610 est,
688 1525 781 1611 puta
798 1515 838 1588 in
853 1516 1007 1612 pictore,
1025 1520 1131 1616 cujus

94 1630 236 1704 animus
266 1637 445 1726 perpetuo
471 1651 538 1725 per
564 1627 772 1704 istiusmodi
802 1629 948 1726 objecta
974 1631 1132 1706 circum·

94 1744 234 1818 volitat.

1174 527 1269 580 SECT.
1284 527 1324 582 11.

1174 675 1317 713 -η-ν
1339 669 1342 676 ·

139 1867 175 1930 4.
200 1855 356 1932 Quota
366 1856 678 1953 repraesentarem
688 1855 975 1931 tabulavehmus
986 1869 1132 1932 recten
1145 1869 1277 1930 hrum

94 1971 219 2067 guium
249 1971 406 2061 finitum,
434 1971 472 2044 id
504 1981 572 2058 est,
599 1972 703 2068 cujus
733 1971 841 2060 latus,
865 1971 912 2046 ab
941 1972 1050 2047 oculo
1076 1997 1133 2047 re·
1144 1951 1216 2046 iam
1159 1937 1335 2060 max

94 2086 347 2175 notissimum,
364 2109 441 2160 non
467 2085 516 2160 sit
542 2095 668 2160 mmen
687 2085 780 2160 adeo
807 2097 989 2160 remotum
1005 2098 1049 2163 ut
1065 2113 1132 2164 an-
1143 2067 1337 2128 'mum

93 2201 197 2329 gulos
215 2199 365 2274 visualis
381 2199 528 2296 penitus
541 2209 745 2289 evanescat,
760 2199 867 2296 quale
884 2225 1132 2298 supponemus

94 2339 168 2388 esse
182 2314 223 2388 in
238 2314 360 2411 prima
375 2316 494 2411 figura
510 2313 766 2411 rectangulum
782 2314 967 2401 ABCD3
989 2317 1132 2392 crateris

93 2430 200 2502 rebus
231 2429 424 2518 stantibus,
443 2428 628 2502 dividatur
652 2427 823 2502 bifariam
841 2427 916 2502 CD
934 2429 973 2504 in
989 2441 1130 2528 puncto

95 2544 141 2632 H,
159 2542 392 2639 duceturque
418 2544 446 2615 F
460 2543 497 2616 H
530 2564 657 2616 secans
680 2541 755 2616 GB
777 2541 994 2638 productam
1021 2543 1061 2618 in
1081 2544 1131 2619 X.

93 2655 234 2731 Deinde
251 2657 292 2730 in
309 2656 471 2731 secunda
487 2657 607 2754 figura
623 2668 788 2730 sumatur
811 2657 969 2731 altitudo
984 2657 1044 2731 GI
1061 2657 1132 2754 ipsi

94 2771 169 2844 GX
198 2770 362 2868 aeqnalis,
394 2770 576 2868 ductaque
607 2771 640 2844 D
655 2769 716 2844 10
739 2770 818 2844 basi
845 2769 921 2843 AB
946 2771 1131 2868 parallela,

92 2884 268 2959 habemus
281 2885 484 2981 trapezium
501 2886 536 2960 A
549 2885 581 2958 B
592 2884 622 2957 C
635 2884 668 2958 D
686 2908 753 2981 pro
766 2884 892 2959 tabula
903 2886 1132 2984 perspectiva

93 2997 296 3094 rectangnli
309 2997 385 3071 sive
396 2997 572 3094 porticus,
580 2997 835 3072 determinate
846 2997 992 3072 ABCD
1003 2999 1131 3095 fignrae

92 3113 247 3206 primae;
275 3111 340 3184 sed
366 3135 449 3208 quae
473 3110 595 3185 ideam
620 3111 827 3208 rectanguli
853 3111 929 3186 sive
953 3113 1130 3210 porticus,

93 3226 161 3299 nisi
191 3225 358 3316 assuetis,
388 3250 464 3299 non
486 3224 594 3300 facile
611 3225 759 3314 excitat,
777 3224 817 3299 id
834 3226 934 3324 quod
949 3237 1036 3302 ante
1054 3226 1131 3302 dic-

93 3349 169 3412 tum
187 3350 245 3413 est
263 3338 309 3412 de
326 3338 522 3435 triangulo.

142 3454 193 3526 Ut
209 3453 324 3549 igitur
340 3453 593 3527 vehementius
619 3453 800 3527 excitetur
824 3477 848 3526 a
872 3453 939 3528 tali
967 3454 1131 3550 trapezia

94 3567 291 3661 spectantis
319 3566 545 3663 imaginatio,
569 3566 732 3642 dividere
759 3567 880 3663 ipsum
914 3579 1063 3665 oportet
1091 3569 1131 3640 in

93 3692 214 3776 partes
231 3704 298 3776 per
314 3679 431 3754 lineas
446 3680 526 3754 basi
542 3680 746 3778 parallelas,
760 3680 889 3755 eadem
903 3682 1048 3756 ratione
1065 3680 1130 3755 de-

94 3805 297 3869 crescentes
316 3817 389 3890 qua
406 3793 625 3869 decrescunt
640 3794 798 3891 objecta,
814 3794 936 3893 quoad
951 3819 1130 3893 apparen-

93 3910 193 4000 tiam,
212 3909 301 3982 dum
317 3908 435 4005 magis
452 3909 641 4006 magisque
661 3909 708 3982 ab
736 3910 844 3983 oculo
873 3917 1131 3983 removentur:

93 4024 133 4098 id
148 4023 249 4121 quod
272 4024 313 4096 in
337 4023 436 4098 hunc
461 4023 612 4096 modum
628 4022 739 4120 vulgo
756 4033 794 4097 et
810 4033 911 4098 recte
927 4022 1008 4096 fieri
1026 4021 1133 4097 solet.

95 4138 187 4212 Cum
212 4150 316 4212 recta
341 4137 419 4211 Dc
439 4137 625 4233 (secundae
649 4137 792 4234 figura)
807 4146 1050 4234 repraesentet
1065 4137 1130 4211 ob·

90 4253 229 4348 jectum
255 4251 335 4328 DC
361 4252 522 4348 positum
550 4252 591 4327 in
619 4253 739 4349 figura
765 4250 896 4349 prima,
915 4249 1028 4328 ducta
1054 4249 1133 4326 AC

192 4389 286 4442 von.
306 4389 352 4440 11.
994 4389 1020 4440 o
