<?xml version="1.0" encoding="UTF-8"?>
<!DOCTYPE html PUBLIC "-//W3C//DTD XHTML 1.0 Transitional//EN"
    "http://www.w3.org/TR/xhtml1/DTD/xhtml1-transitional.dtd">
<html xmlns="http://www.w3.org/1999/xhtml" xml:lang="en" lang="en">
 <head>
  <title>
</title>
<meta http-equiv="Content-Type" content="text/html;charset=utf-8" />
  <meta name='ocr-system' content='tesseract 3.04.00' />
  <meta name='ocr-capabilities' content='ocr_page ocr_carea ocr_par ocr_line ocrx_word'/>
</head>
<body>
  <div class='ocr_page' id='page_1' title='image "./thomhobbesmalme09hobbgoog_0157.png"; bbox 0 0 2828 4912; ppageno 0'>
   <div class='ocr_carea' id='block_1_1' title="bbox 206 311 1025 378">
    <p class='ocr_par' dir='ltr' id='par_1_1' title="bbox 206 311 1025 378">
     <span class='ocr_line' id='line_1_1' title="bbox 206 311 1025 378; baseline 0 -2"><span class='ocrx_word' id='word_1_1' title='bbox 206 311 272 378; x_wconf 77' lang='lat'><strong>142</strong></span> <span class='ocrx_word' id='word_1_2' title='bbox 502 323 706 376; x_wconf 77' lang='lat' dir='ltr'><strong>nuenario</strong></span> <span class='ocrx_word' id='word_1_3' title='bbox 726 323 780 375; x_wconf 80' lang='lat' dir='ltr'><strong>nn</strong></span> <span class='ocrx_word' id='word_1_4' title='bbox 801 323 1025 378; x_wconf 81' lang='lat' dir='ltr'><strong>uuoronus.</strong></span> 
     </span>
    </p>
   </div>
   <div class='ocr_carea' id='block_1_2' title="bbox 192 526 1324 3026">
    <p class='ocr_par' dir='ltr' id='par_1_2' title="bbox 192 526 1324 3026">
     <span class='ocr_line' id='line_1_2' title="bbox 200 526 1324 626; baseline 0 -24"><span class='ocrx_word' id='word_1_5' title='bbox 200 551 325 602; x_wconf 91' lang='lat' dir='ltr'><strong>rerum</strong></span> <span class='ocrx_word' id='word_1_6' title='bbox 349 528 486 626; x_wconf 81' lang='lat' dir='ltr'><strong>figuras</strong></span> <span class='ocrx_word' id='word_1_7' title='bbox 510 537 548 602; x_wconf 91' lang='lat' dir='ltr'><strong>et</strong></span> <span class='ocrx_word' id='word_1_8' title='bbox 570 538 704 618; x_wconf 85' lang='lat' dir='ltr'><strong>motus,</strong></span> <span class='ocrx_word' id='word_1_9' title='bbox 732 527 806 616; x_wconf 92' lang='lat' dir='ltr'><strong>alii,</strong></span> <span class='ocrx_word' id='word_1_10' title='bbox 837 527 915 602; x_wconf 90' lang='lat' dir='ltr'><strong>sine</strong></span> <span class='ocrx_word' id='word_1_11' title='bbox 943 526 1188 618; x_wconf 90' lang='lat' dir='ltr'><strong>incommodo,</strong></span> <span class='ocrx_word' id='word_1_12' title='bbox 1215 550 1324 602; x_wconf 85' lang='lat' dir='ltr'><strong>rerum</strong></span> 
     </span>
     <span class='ocr_line' id='line_1_3' title="bbox 200 677 1323 776; baseline -0.002 -22"><span class='ocrx_word' id='word_1_13' title='bbox 200 689 349 756; x_wconf 84' lang='lat' dir='ltr'><strong>naturas</strong></span> <span class='ocrx_word' id='word_1_14' title='bbox 363 689 542 754; x_wconf 87' lang='lat' dir='ltr'><strong>etcausas</strong></span> <span class='ocrx_word' id='word_1_15' title='bbox 555 677 911 776; x_wconf 83' lang='lat' dir='ltr'><strong>contemplabantur.</strong></span> <span class='ocrx_word' id='word_1_16' title='bbox 954 677 1196 774; x_wconf 77' lang='lat' dir='ltr'>Temporibus</span> <span class='ocrx_word' id='word_1_17' title='bbox 1215 687 1323 752; x_wconf 88' lang='lat' dir='ltr'><strong>auten</strong></span> 
     </span>
     <span class='ocr_line' id='line_1_4' title="bbox 199 829 1323 930; baseline -0.004 -22"><span class='ocrx_word' id='word_1_18' title='bbox 199 857 282 930; x_wconf 86' lang='lat' dir='ltr'><strong>quae</strong></span> <span class='ocrx_word' id='word_1_19' title='bbox 309 834 504 928; x_wconf 85' lang='lat' dir='ltr'><strong>insequuta</strong></span> <span class='ocrx_word' id='word_1_20' title='bbox 535 839 633 920; x_wconf 88' lang='lat' dir='ltr'><strong>suut,</strong></span> <span class='ocrx_word' id='word_1_21' title='bbox 661 829 853 904; x_wconf 90' lang='lat' dir='ltr'><strong>scientiam</strong></span> <span class='ocrx_word' id='word_1_22' title='bbox 874 829 970 904; x_wconf 89' lang='lat' dir='ltr'><strong>hanc</strong></span> <span class='ocrx_word' id='word_1_23' title='bbox 999 829 1155 922; x_wconf 89' lang='lat' dir='ltr'><strong>civilem,</strong></span> <span class='ocrx_word' id='word_1_24' title='bbox 1175 829 1244 904; x_wconf 89' lang='lat' dir='ltr'><strong>etsi</strong></span> <span class='ocrx_word' id='word_1_25' title='bbox 1260 855 1323 904; x_wconf 90' lang='lat' dir='ltr'><strong>nou</strong></span> 
     </span>
     <span class='ocr_line' id='line_1_5' title="bbox 198 980 1323 1082; baseline -0.002 -26"><span class='ocrx_word' id='word_1_26' title='bbox 198 984 344 1082; x_wconf 85' lang='lat' dir='ltr'><strong>penitus</strong></span> <span class='ocrx_word' id='word_1_27' title='bbox 361 993 602 1080; x_wconf 80' lang='lat' dir='ltr'><strong>perspectam,</strong></span> <span class='ocrx_word' id='word_1_28' title='bbox 616 980 738 1077; x_wconf 81' lang='lat' dir='ltr'><strong>aliqua</strong></span> <span class='ocrx_word' id='word_1_29' title='bbox 749 991 872 1056; x_wconf 90' lang='lat' dir='ltr'><strong>tamen</strong></span> <span class='ocrx_word' id='word_1_30' title='bbox 890 981 1108 1078; x_wconf 83' lang='lat' dir='ltr'><strong>expertein</strong></span> <span class='ocrx_word' id='word_1_31' title='bbox 1126 982 1323 1080; x_wconf 75' lang='lat' dir='ltr'><strong>reipublice</strong></span> 
     </span>
     <span class='ocr_line' id='line_1_6' title="bbox 197 1131 1323 1230; baseline -0.003 -21"><span class='ocrx_word' id='word_1_32' title='bbox 197 1133 375 1230; x_wconf 84' lang='lat' dir='ltr'><strong>regimine</strong></span> <span class='ocrx_word' id='word_1_33' title='bbox 391 1144 569 1230; x_wconf 90' lang='lat' dir='ltr'><strong>tanquam</strong></span> <span class='ocrx_word' id='word_1_34' title='bbox 585 1155 651 1228; x_wconf 90' lang='lat' dir='ltr'><strong>par</strong></span> <span class='ocrx_word' id='word_1_35' title='bbox 667 1133 802 1206; x_wconf 92' lang='lat' dir='ltr'><strong>nubem</strong></span> <span class='ocrx_word' id='word_1_36' title='bbox 819 1131 1075 1229; x_wconf 91' lang='lat' dir='ltr'><strong>pellucentem,</strong></span> <span class='ocrx_word' id='word_1_37' title='bbox 1092 1131 1233 1230; x_wconf 88' lang='lat' dir='ltr'><strong>primus</strong></span> <span class='ocrx_word' id='word_1_38' title='bbox 1249 1131 1323 1206; x_wconf 78' lang='lat' dir='ltr'><strong>ada</strong></span> 
     </span>
     <span class='ocr_line' id='line_1_7' title="bbox 198 1279 1324 1378; baseline -0.002 -22"><span class='ocrx_word' id='word_1_39' title='bbox 198 1305 315 1356; x_wconf 84' lang='lat' dir='ltr'><strong>masse</strong></span> <span class='ocrx_word' id='word_1_40' title='bbox 346 1281 480 1356; x_wconf 91' lang='lat' dir='ltr'><strong>dicitur</strong></span> <span class='ocrx_word' id='word_1_41' title='bbox 516 1281 697 1370; x_wconf 88' lang='lat' dir='ltr'><strong>Socrates,</strong></span> <span class='ocrx_word' id='word_1_42' title='bbox 728 1281 852 1378; x_wconf 89' lang='lat' dir='ltr'><strong>itaque</strong></span> <span class='ocrx_word' id='word_1_43' title='bbox 881 1279 1047 1371; x_wconf 89' lang='lat' dir='ltr'><strong>coluisse,</strong></span> <span class='ocrx_word' id='word_1_44' title='bbox 1078 1290 1132 1370; x_wconf 92' lang='lat' dir='ltr'><strong>ut,</strong></span> <span class='ocrx_word' id='word_1_45' title='bbox 1164 1279 1324 1376; x_wconf 87' lang='lat' dir='ltr'><strong>despectu</strong></span> 
     </span>
     <span class='ocr_line' id='line_1_8' title="bbox 198 1429 1324 1530; baseline -0.007 -22"><span class='ocrx_word' id='word_1_46' title='bbox 198 1433 414 1530; x_wconf 78' lang='lat' dir='ltr'><strong>desertaque</strong></span> <span class='ocrx_word' id='word_1_47' title='bbox 442 1431 541 1506; x_wconf 90' lang='lat' dir='ltr'><strong>omni</strong></span> <span class='ocrx_word' id='word_1_48' title='bbox 574 1431 646 1506; x_wconf 90' lang='lat' dir='ltr'><strong>alia</strong></span> <span class='ocrx_word' id='word_1_49' title='bbox 672 1429 912 1528; x_wconf 77' lang='lat' dir='ltr'><strong>philosophia</strong></span> <span class='ocrx_word' id='word_1_50' title='bbox 945 1441 1063 1528; x_wconf 89' lang='lat' dir='ltr'><strong>parte,</strong></span> <span class='ocrx_word' id='word_1_51' title='bbox 1092 1430 1208 1504; x_wconf 90' lang='lat' dir='ltr'><strong>solam</strong></span> <span class='ocrx_word' id='word_1_52' title='bbox 1242 1429 1324 1504; x_wconf 88' lang='lat' dir='ltr'><strong>hauc</strong></span> 
     </span>
     <span class='ocr_line' id='line_1_9' title="bbox 197 1577 1323 1678; baseline -0.004 -22"><span class='ocrx_word' id='word_1_53' title='bbox 197 1582 347 1678; x_wconf 84' lang='lat' dir='ltr'><strong>ingenio</strong></span> <span class='ocrx_word' id='word_1_54' title='bbox 374 1605 440 1656; x_wconf 91' lang='lat' dir='ltr'><strong>suo</strong></span> <span class='ocrx_word' id='word_1_55' title='bbox 468 1580 618 1676; x_wconf 84' lang='lat' dir='ltr'><strong>dignam</strong></span> <span class='ocrx_word' id='word_1_56' title='bbox 637 1579 832 1676; x_wconf 89' lang='lat' dir='ltr'><strong>judicaret.</strong></span> <span class='ocrx_word' id='word_1_57' title='bbox 886 1579 973 1654; x_wconf 83' lang='lat' dir='ltr'>Post</span> <span class='ocrx_word' id='word_1_58' title='bbox 990 1602 1075 1654; x_wconf 93' lang='lat' dir='ltr'><strong>eum</strong></span> <span class='ocrx_word' id='word_1_59' title='bbox 1101 1577 1218 1666; x_wconf 88' lang='lat' dir='ltr'><strong>Plato,</strong></span> <span class='ocrx_word' id='word_1_60' title='bbox 1235 1577 1323 1652; x_wconf 84' lang='lat' dir='ltr'><strong>Aris·</strong></span> 
     </span>
     <span class='ocr_line' id='line_1_10' title="bbox 196 1727 1320 1826; baseline -0.007 -18"><span class='ocrx_word' id='word_1_61' title='bbox 196 1732 340 1823; x_wconf 78' lang='lat' dir='ltr'><strong>torcios,</strong></span> <span class='ocrx_word' id='word_1_62' title='bbox 376 1731 519 1820; x_wconf 88' lang='lat' dir='ltr'><strong>Cicero,</strong></span> <span class='ocrx_word' id='word_1_63' title='bbox 554 1729 752 1826; x_wconf 75' lang='lat' dir='ltr'><strong>caeterique</strong></span> <span class='ocrx_word' id='word_1_64' title='bbox 787 1729 995 1826; x_wconf 82' lang='lat' dir='ltr'>philosophi</span> <span class='ocrx_word' id='word_1_65' title='bbox 1029 1728 1160 1818; x_wconf 75' lang='lat' dir='ltr'><strong>Graeci,</strong></span> <span class='ocrx_word' id='word_1_66' title='bbox 1197 1727 1320 1816; x_wconf 89' lang='lat' dir='ltr'><strong>Latini,</strong></span> 
     </span>
     <span class='ocr_line' id='line_1_11' title="bbox 196 1877 1322 1980; baseline -0.004 -24"><span class='ocrx_word' id='word_1_67' title='bbox 196 1881 355 1980; x_wconf 85' lang='lat' dir='ltr'><strong>denique</strong></span> <span class='ocrx_word' id='word_1_68' title='bbox 373 1905 499 1956; x_wconf 88' lang='lat' dir='ltr'><strong>omnes</strong></span> <span class='ocrx_word' id='word_1_69' title='bbox 527 1879 691 1954; x_wconf 89' lang='lat' dir='ltr'><strong>omnium</strong></span> <span class='ocrx_word' id='word_1_70' title='bbox 707 1879 873 1975; x_wconf 84' lang='lat' dir='ltr'><strong>gentium</strong></span> <span class='ocrx_word' id='word_1_71' title='bbox 891 1903 966 1952; x_wconf 93' lang='lat' dir='ltr'><strong>non</strong></span> <span class='ocrx_word' id='word_1_72' title='bbox 984 1878 1095 1954; x_wconf 92' lang='lat' dir='ltr'><strong>modo</strong></span> <span class='ocrx_word' id='word_1_73' title='bbox 1112 1877 1322 1977; x_wconf 82' lang='lat' dir='ltr'><strong>philosophi,</strong></span> 
     </span>
     <span class='ocr_line' id='line_1_12' title="bbox 196 2028 1322 2128; baseline -0.004 -22"><span class='ocrx_word' id='word_1_74' title='bbox 196 2031 263 2106; x_wconf 87' lang='lat' dir='ltr'><strong>sed</strong></span> <span class='ocrx_word' id='word_1_75' title='bbox 279 2032 392 2106; x_wconf 90' lang='lat' dir='ltr'><strong>etiam</strong></span> <span class='ocrx_word' id='word_1_76' title='bbox 405 2031 526 2122; x_wconf 90' lang='lat' dir='ltr'><strong>otiosi,</strong></span> <span class='ocrx_word' id='word_1_77' title='bbox 540 2029 645 2128; x_wconf 88' lang='lat' dir='ltr'><strong>quasi</strong></span> <span class='ocrx_word' id='word_1_78' title='bbox 660 2028 817 2120; x_wconf 84' lang='lat' dir='ltr'><strong>facilem,</strong></span> <span class='ocrx_word' id='word_1_79' title='bbox 831 2028 932 2103; x_wconf 90' lang='lat' dir='ltr'><strong>nullo</strong></span> <span class='ocrx_word' id='word_1_80' title='bbox 951 2029 1073 2104; x_wconf 88' lang='lat' dir='ltr'><strong>studio</strong></span> <span class='ocrx_word' id='word_1_81' title='bbox 1088 2029 1322 2118; x_wconf 81' lang='lat' dir='ltr'><strong>ambiendam,</strong></span> 
     </span>
     <span class='ocr_line' id='line_1_13' title="bbox 198 2177 1322 2278; baseline -0.002 -24"><span class='ocrx_word' id='word_1_82' title='bbox 198 2179 393 2276; x_wconf 81' lang='lat' dir='ltr'><strong>cujuslibet</strong></span> <span class='ocrx_word' id='word_1_83' title='bbox 420 2178 569 2276; x_wconf 85' lang='lat' dir='ltr'><strong>ingenio</strong></span> <span class='ocrx_word' id='word_1_84' title='bbox 599 2177 759 2252; x_wconf 90' lang='lat' dir='ltr'><strong>naturali</strong></span> <span class='ocrx_word' id='word_1_85' title='bbox 794 2179 998 2276; x_wconf 87' lang='lat' dir='ltr'><strong>expositam</strong></span> <span class='ocrx_word' id='word_1_86' title='bbox 1032 2189 1070 2252; x_wconf 91' lang='lat' dir='ltr'><strong>et</strong></span> <span class='ocrx_word' id='word_1_87' title='bbox 1097 2179 1322 2278; x_wconf 84' lang='lat' dir='ltr'><strong>prostitutum</strong></span> 
     </span>
     <span class='ocr_line' id='line_1_14' title="bbox 195 2327 1321 2428; baseline 0 -24"><span class='ocrx_word' id='word_1_88' title='bbox 195 2339 485 2405; x_wconf 86' lang='lat' dir='ltr'><strong>attrectaverunt</strong></span> <span class='ocrx_word' id='word_1_89' title='bbox 514 2339 798 2428; x_wconf 88' lang='lat' dir='ltr'><strong>attrectantque.</strong></span> <span class='ocrx_word' id='word_1_90' title='bbox 851 2327 1035 2428; x_wconf 78' lang='lat' dir='ltr'><strong>Quodque</strong></span> <span class='ocrx_word' id='word_1_91' title='bbox 1052 2331 1099 2406; x_wconf 95' lang='lat' dir='ltr'><strong>ad</strong></span> <span class='ocrx_word' id='word_1_92' title='bbox 1117 2329 1321 2428; x_wconf 84' lang='lat' dir='ltr'><strong>dignitatern</strong></span> 
     </span>
     <span class='ocr_line' id='line_1_15' title="bbox 195 2476 1321 2578; baseline -0.003 -26"><span class='ocrx_word' id='word_1_93' title='bbox 195 2479 274 2576; x_wconf 83' lang='lat' dir='ltr'><strong>ejus</strong></span> <span class='ocrx_word' id='word_1_94' title='bbox 292 2479 477 2578; x_wconf 79' lang='lat' dir='ltr'><strong>praeoipue</strong></span> <span class='ocrx_word' id='word_1_95' title='bbox 500 2479 602 2570; x_wconf 83' lang='lat' dir='ltr'><strong>facit,</strong></span> <span class='ocrx_word' id='word_1_96' title='bbox 621 2477 685 2568; x_wconf 92' lang='lat' dir='ltr'><strong>illi,</strong></span> <span class='ocrx_word' id='word_1_97' title='bbox 704 2478 768 2576; x_wconf 92' lang='lat' dir='ltr'><strong>qui</strong></span> <span class='ocrx_word' id='word_1_98' title='bbox 791 2501 872 2552; x_wconf 89' lang='lat' dir='ltr'><strong>eam</strong></span> <span class='ocrx_word' id='word_1_99' title='bbox 898 2503 936 2552; x_wconf 90' lang='lat' dir='ltr'><strong>se</strong></span> <span class='ocrx_word' id='word_1_100' title='bbox 963 2479 1099 2552; x_wconf 89' lang='lat' dir='ltr'><strong>habere</strong></span> <span class='ocrx_word' id='word_1_101' title='bbox 1126 2491 1259 2577; x_wconf 87' lang='lat' dir='ltr'><strong>putant</strong></span> <span class='ocrx_word' id='word_1_102' title='bbox 1273 2476 1321 2552; x_wconf 86' lang='lat' dir='ltr'><strong>vel</strong></span> 
     </span>
     <span class='ocr_line' id='line_1_16' title="bbox 193 2625 1321 2726; baseline -0.004 -24"><span class='ocrx_word' id='word_1_103' title='bbox 193 2653 238 2702; x_wconf 90' lang='lat' dir='ltr'><strong>eo</strong></span> <span class='ocrx_word' id='word_1_104' title='bbox 256 2627 338 2704; x_wconf 90' lang='lat' dir='ltr'><strong>loco</strong></span> <span class='ocrx_word' id='word_1_105' title='bbox 356 2639 442 2704; x_wconf 90' lang='lat' dir='ltr'><strong>suut</strong></span> <span class='ocrx_word' id='word_1_106' title='bbox 458 2639 500 2702; x_wconf 92' lang='lat' dir='ltr'><strong>ut</strong></span> <span class='ocrx_word' id='word_1_107' title='bbox 517 2628 652 2702; x_wconf 87' lang='lat' dir='ltr'><strong>habere</strong></span> <span class='ocrx_word' id='word_1_108' title='bbox 670 2629 839 2718; x_wconf 89' lang='lat' dir='ltr'><strong>debcant,</strong></span> <span class='ocrx_word' id='word_1_109' title='bbox 858 2628 955 2702; x_wconf 91' lang='lat' dir='ltr'><strong>adeo</strong></span> <span class='ocrx_word' id='word_1_110' title='bbox 967 2629 1036 2702; x_wconf 92' lang='lat' dir='ltr'><strong>sibi</strong></span> <span class='ocrx_word' id='word_1_111' title='bbox 1053 2629 1092 2702; x_wconf 93' lang='lat' dir='ltr'><strong>in</strong></span> <span class='ocrx_word' id='word_1_112' title='bbox 1110 2629 1190 2725; x_wconf 88' lang='lat' dir='ltr'><strong>ejus</strong></span> <span class='ocrx_word' id='word_1_113' title='bbox 1214 2625 1321 2726; x_wconf 89' lang='lat' dir='ltr'><strong>specie</strong></span> 
     </span>
     <span class='ocr_line' id='line_1_17' title="bbox 193 2777 1319 2880; baseline -0.008 -22"><span class='ocrx_word' id='word_1_114' title='bbox 193 2781 429 2858; x_wconf 89' lang='lat' dir='ltr'><strong>vehementer</strong></span> <span class='ocrx_word' id='word_1_115' title='bbox 439 2780 597 2880; x_wconf 87' lang='lat' dir='ltr'><strong>placent,</strong></span> <span class='ocrx_word' id='word_1_116' title='bbox 610 2793 654 2854; x_wconf 91' lang='lat' dir='ltr'><strong>ut</strong></span> <span class='ocrx_word' id='word_1_117' title='bbox 665 2777 887 2876; x_wconf 88' lang='lat' dir='ltr'><strong>reliquarum</strong></span> <span class='ocrx_word' id='word_1_118' title='bbox 899 2780 1135 2854; x_wconf 83' lang='lat' dir='ltr'><strong>scientiarum</strong></span> <span class='ocrx_word' id='word_1_119' title='bbox 1150 2779 1319 2854; x_wconf 88' lang='lat' dir='ltr'><strong>studiosos</strong></span> 
     </span>
     <span class='ocr_line' id='line_1_18' title="bbox 192 2928 1317 3026; baseline -0.009 -18"><span class='ocrx_word' id='word_1_120' title='bbox 192 2933 320 3008; x_wconf 88' lang='lat' dir='ltr'><strong>haberi</strong></span> <span class='ocrx_word' id='word_1_121' title='bbox 337 2942 375 3006; x_wconf 91' lang='lat' dir='ltr'><strong>et</strong></span> <span class='ocrx_word' id='word_1_122' title='bbox 398 2931 521 3006; x_wconf 88' lang='lat' dir='ltr'><strong>vocari</strong></span> <span class='ocrx_word' id='word_1_123' title='bbox 551 2929 772 3026; x_wconf 85' lang='lat' dir='ltr'><strong>ingeniosos,</strong></span> <span class='ocrx_word' id='word_1_124' title='bbox 790 2928 931 3020; x_wconf 89' lang='lat' dir='ltr'><strong>doctos,</strong></span> <span class='ocrx_word' id='word_1_125' title='bbox 949 2929 1125 3020; x_wconf 88' lang='lat' dir='ltr'><strong>eruditos,</strong></span> <span class='ocrx_word' id='word_1_126' title='bbox 1152 2929 1317 3026; x_wconf 94' lang='lat' dir='ltr'><strong>quidlibet</strong></span> 
     </span>
    </p>
   </div>
   <div class='ocr_carea' id='block_1_3' title="bbox 193 3079 1317 3185">
    <p class='ocr_par' dir='ltr' id='par_1_3' title="bbox 193 3079 1317 3185">
     <span class='ocr_line' id='line_1_19' title="bbox 193 3079 1317 3185; baseline -0.009 -25"><span class='ocrx_word' id='word_1_127' title='bbox 193 3083 550 3185; x_wconf 82' lang='lat' dir='ltr'><strong>praeterpmdeutes,</strong></span> <span class='ocrx_word' id='word_1_128' title='bbox 569 3105 674 3180; x_wconf 76' lang='lat' dir='ltr'><strong>aquo</strong></span> <span class='ocrx_word' id='word_1_129' title='bbox 692 3081 814 3155; x_wconf 88' lang='lat' dir='ltr'><strong>animo</strong></span> <span class='ocrx_word' id='word_1_130' title='bbox 832 3081 963 3157; x_wconf 88' lang='lat' dir='ltr'><strong>ferant.</strong></span> <span class='ocrx_word' id='word_1_131' title='bbox 992 3081 1088 3156; x_wconf 88' lang='lat' dir='ltr'><strong>Nam</strong></span> <span class='ocrx_word' id='word_1_132' title='bbox 1106 3105 1242 3156; x_wconf 90' lang='lat' dir='ltr'><strong>nomen</strong></span> <span class='ocrx_word' id='word_1_133' title='bbox 1258 3079 1317 3154; x_wconf 91' lang='lat' dir='ltr'><strong>hoc</strong></span> 
     </span>
    </p>
   </div>
   <div class='ocr_carea' id='block_1_4' title="bbox 191 3229 1319 4382">
    <p class='ocr_par' dir='ltr' id='par_1_4' title="bbox 191 3229 1319 4382">
     <span class='ocr_line' id='line_1_20' title="bbox 193 3229 1319 3334; baseline -0.009 -24"><span class='ocrx_word' id='word_1_134' title='bbox 193 3245 344 3334; x_wconf 90' lang='lat' dir='ltr'><strong>propter</strong></span> <span class='ocrx_word' id='word_1_135' title='bbox 362 3233 614 3310; x_wconf 86' lang='lat' dir='ltr'><strong>excellentiam</strong></span> <span class='ocrx_word' id='word_1_136' title='bbox 636 3233 781 3332; x_wconf 81' lang='lat' dir='ltr'><strong>peritiae</strong></span> <span class='ocrx_word' id='word_1_137' title='bbox 798 3232 914 3307; x_wconf 88' lang='lat' dir='ltr'><strong>civilis</strong></span> <span class='ocrx_word' id='word_1_138' title='bbox 932 3231 1001 3307; x_wconf 90' lang='lat' dir='ltr'><strong>sibi</strong></span> <span class='ocrx_word' id='word_1_139' title='bbox 1025 3230 1112 3306; x_wconf 83' lang='lat' dir='ltr'><strong>solia</strong></span> <span class='ocrx_word' id='word_1_140' title='bbox 1130 3229 1255 3304; x_wconf 91' lang='lat' dir='ltr'><strong>deberi</strong></span> <span class='ocrx_word' id='word_1_141' title='bbox 1271 3249 1319 3302; x_wconf 91' lang='lat' dir='ltr'><strong>ar-</strong></span> 
     </span>
     <span class='ocr_line' id='line_1_21' title="bbox 191 3381 1319 3480; baseline -0.009 -20"><span class='ocrx_word' id='word_1_142' title='bbox 191 3385 389 3460; x_wconf 88' lang='lat' dir='ltr'><strong>bitrantur.</strong></span> <span class='ocrx_word' id='word_1_143' title='bbox 428 3383 512 3458; x_wconf 80' lang='lat' dir='ltr'><strong>Siva</strong></span> <span class='ocrx_word' id='word_1_144' title='bbox 529 3383 642 3480; x_wconf 87' lang='lat' dir='ltr'><strong>igitur</strong></span> <span class='ocrx_word' id='word_1_145' title='bbox 654 3383 889 3460; x_wconf 84' lang='lat' dir='ltr'><strong>scientiarum</strong></span> <span class='ocrx_word' id='word_1_146' title='bbox 907 3381 1067 3478; x_wconf 82' lang='lat' dir='ltr'><strong>dignitas</strong></span> <span class='ocrx_word' id='word_1_147' title='bbox 1085 3405 1131 3456; x_wconf 88' lang='lat' dir='ltr'><strong>ex</strong></span> <span class='ocrx_word' id='word_1_148' title='bbox 1150 3381 1319 3478; x_wconf 85' lang='lat' dir='ltr'><strong>dignitate</strong></span> 
     </span>
     <span class='ocr_line' id='line_1_22' title="bbox 191 3527 1319 3632; baseline -0.011 -21"><span class='ocrx_word' id='word_1_149' title='bbox 191 3559 320 3610; x_wconf 89' lang='lat' dir='ltr'><strong>eorum</strong></span> <span class='ocrx_word' id='word_1_150' title='bbox 337 3534 384 3610; x_wconf 94' lang='lat' dir='ltr'><strong>ad</strong></span> <span class='ocrx_word' id='word_1_151' title='bbox 401 3559 493 3631; x_wconf 92' lang='lat' dir='ltr'><strong>quos</strong></span> <span class='ocrx_word' id='word_1_152' title='bbox 509 3534 708 3632; x_wconf 89' lang='lat' dir='ltr'><strong>pertinent,</strong></span> <span class='ocrx_word' id='word_1_153' title='bbox 727 3533 803 3608; x_wconf 88' lang='lat' dir='ltr'><strong>sive</strong></span> <span class='ocrx_word' id='word_1_154' title='bbox 820 3557 866 3607; x_wconf 82' lang='lat' dir='ltr'><strong>ex</strong></span> <span class='ocrx_word' id='word_1_155' title='bbox 883 3557 1035 3608; x_wconf 90' lang='lat' dir='ltr'><strong>numero</strong></span> <span class='ocrx_word' id='word_1_156' title='bbox 1053 3555 1182 3606; x_wconf 86' lang='lat' dir='ltr'><strong>eorum</strong></span> <span class='ocrx_word' id='word_1_157' title='bbox 1201 3529 1261 3630; x_wconf 90' lang='lat' dir='ltr'><strong>qni</strong></span> <span class='ocrx_word' id='word_1_158' title='bbox 1282 3527 1319 3600; x_wconf 89' lang='lat' dir='ltr'><strong>de</strong></span> 
     </span>
     <span class='ocr_line' id='line_1_23' title="bbox 191 3679 1318 3784; baseline -0.006 -26"><span class='ocrx_word' id='word_1_159' title='bbox 191 3685 280 3784; x_wconf 84' lang='lat' dir='ltr'><strong>ipsis</strong></span> <span class='ocrx_word' id='word_1_160' title='bbox 310 3685 546 3781; x_wconf 87' lang='lat' dir='ltr'><strong>scripserunt,</strong></span> <span class='ocrx_word' id='word_1_161' title='bbox 565 3684 641 3759; x_wconf 87' lang='lat' dir='ltr'><strong>sive</strong></span> <span class='ocrx_word' id='word_1_162' title='bbox 669 3707 713 3758; x_wconf 83' lang='lat' dir='ltr'><strong>ex</strong></span> <span class='ocrx_word' id='word_1_163' title='bbox 737 3683 878 3782; x_wconf 87' lang='lat' dir='ltr'><strong>judicio</strong></span> <span class='ocrx_word' id='word_1_164' title='bbox 897 3681 1248 3781; x_wconf 86' lang='lat' dir='ltr'><strong>sapientissimorum</strong></span> <span class='ocrx_word' id='word_1_165' title='bbox 1264 3679 1318 3754; x_wconf 81' lang='lat' dir='ltr'><strong>ho</strong></span> 
     </span>
     <span class='ocr_line' id='line_1_24' title="bbox 191 3829 1318 3930; baseline -0.005 -20"><span class='ocrx_word' id='word_1_166' title='bbox 191 3835 332 3910; x_wconf 91' lang='lat' dir='ltr'><strong>minum</strong></span> <span class='ocrx_word' id='word_1_167' title='bbox 345 3835 562 3911; x_wconf 80' lang='lat' dir='ltr'><strong>aestimanda</strong></span> <span class='ocrx_word' id='word_1_168' title='bbox 579 3845 647 3926; x_wconf 84' lang='lat' dir='ltr'><strong>est,</strong></span> <span class='ocrx_word' id='word_1_169' title='bbox 662 3834 875 3930; x_wconf 83' lang='lat' dir='ltr'><strong>dignissima</strong></span> <span class='ocrx_word' id='word_1_170' title='bbox 889 3843 988 3908; x_wconf 89' lang='lat' dir='ltr'><strong>certe</strong></span> <span class='ocrx_word' id='word_1_171' title='bbox 1002 3831 1238 3908; x_wconf 82' lang='lat' dir='ltr'><strong>scientiarum</strong></span> <span class='ocrx_word' id='word_1_172' title='bbox 1250 3829 1318 3904; x_wconf 76' lang='lat' dir='ltr'><strong>huc</strong></span> 
     </span>
     <span class='ocr_line' id='line_1_25' title="bbox 191 3981 1317 4084; baseline -0.01 -24"><span class='ocrx_word' id='word_1_173' title='bbox 191 3985 272 4083; x_wconf 87' lang='lat' dir='ltr'><strong>ipsa</strong></span> <span class='ocrx_word' id='word_1_174' title='bbox 288 3995 355 4078; x_wconf 90' lang='lat' dir='ltr'><strong>est,</strong></span> <span class='ocrx_word' id='word_1_175' title='bbox 374 3983 456 4084; x_wconf 73' lang='lat' dir='ltr'><strong>quaa</strong></span> <span class='ocrx_word' id='word_1_176' title='bbox 484 3985 532 4060; x_wconf 90' lang='lat' dir='ltr'><strong>ad</strong></span> <span class='ocrx_word' id='word_1_177' title='bbox 555 3985 738 4083; x_wconf 86' lang='lat' dir='ltr'><strong>principes</strong></span> <span class='ocrx_word' id='word_1_178' title='bbox 757 3985 929 4084; x_wconf 85' lang='lat' dir='ltr'><strong>pertinet,</strong></span> <span class='ocrx_word' id='word_1_179' title='bbox 955 3983 1195 4080; x_wconf 83' lang='lat' dir='ltr'><strong>hominesque</strong></span> <span class='ocrx_word' id='word_1_180' title='bbox 1220 3981 1255 4056; x_wconf 91' lang='lat' dir='ltr'><strong>in</strong></span> <span class='ocrx_word' id='word_1_181' title='bbox 1271 3999 1317 4052; x_wconf 87' lang='lat' dir='ltr'><strong>re-</strong></span> 
     </span>
     <span class='ocr_line' id='line_1_26' title="bbox 191 4129 1316 4234; baseline -0.006 -24"><span class='ocrx_word' id='word_1_182' title='bbox 191 4137 312 4234; x_wconf 90' lang='lat' dir='ltr'><strong>gendo</strong></span> <span class='ocrx_word' id='word_1_183' title='bbox 347 4161 481 4234; x_wconf 86' lang='lat' dir='ltr'><strong>genere</strong></span> <span class='ocrx_word' id='word_1_184' title='bbox 512 4139 672 4212; x_wconf 91' lang='lat' dir='ltr'><strong>humano</strong></span> <span class='ocrx_word' id='word_1_185' title='bbox 708 4145 930 4234; x_wconf 81' lang='lat' dir='ltr'><strong>occupatos;</strong></span> <span class='ocrx_word' id='word_1_186' title='bbox 964 4137 1068 4234; x_wconf 86' lang='lat' dir='ltr'><strong>cujus</strong></span> <span class='ocrx_word' id='word_1_187' title='bbox 1103 4135 1214 4210; x_wconf 91' lang='lat' dir='ltr'><strong>etiam</strong></span> <span class='ocrx_word' id='word_1_188' title='bbox 1237 4129 1316 4206; x_wconf 83' lang='lat' dir='ltr'><strong>falsu</strong></span> 
     </span>
     <span class='ocr_line' id='line_1_27' title="bbox 191 4275 1315 4382; baseline -0.007 -24"><span class='ocrx_word' id='word_1_189' title='bbox 191 4285 311 4382; x_wconf 90' lang='lat' dir='ltr'><strong>specie</strong></span> <span class='ocrx_word' id='word_1_190' title='bbox 335 4309 460 4360; x_wconf 88' lang='lat' dir='ltr'><strong>omncs</strong></span> <span class='ocrx_word' id='word_1_191' title='bbox 474 4287 550 4360; x_wconf 85' lang='lat' dir='ltr'><strong>fera</strong></span> <span class='ocrx_word' id='word_1_192' title='bbox 567 4287 734 4362; x_wconf 86' lang='lat' dir='ltr'><strong>homines</strong></span> <span class='ocrx_word' id='word_1_193' title='bbox 754 4285 1006 4370; x_wconf 61' lang='lat' dir='ltr'><strong>delementum</strong></span> <span class='ocrx_word' id='word_1_194' title='bbox 1033 4283 1127 4362; x_wconf 86' lang='lat' dir='ltr'><strong>etin</strong></span> <span class='ocrx_word' id='word_1_195' title='bbox 1155 4307 1225 4382; x_wconf 90' lang='lat' dir='ltr'><strong>qna</strong></span> <span class='ocrx_word' id='word_1_196' title='bbox 1244 4275 1315 4376; x_wconf 92' lang='lat' dir='ltr'><strong>phi·</strong></span> 
     </span>
    </p>
   </div>
   <div class='ocr_carea' id='block_1_5' title="bbox 0 0 1418 4912">
    <p class='ocr_par' dir='ltr' id='par_1_5' title="bbox 0 0 1418 4912">
     <span class='ocr_line' id='line_1_28' title="bbox 0 0 1418 4912; baseline 0 2"><span class='ocrx_word' id='word_1_197' title='bbox 0 0 1418 4912; x_wconf 95' lang='lat' dir='ltr'><strong> </strong></span> 
     </span>
    </p>
   </div>
  </div>
 </body>
</html>
