2912 4912
206 313 262 364 nn
282 313 389 366 neon
409 315 588 368 urruns
609 313 732 368 crans
752 313 1035 369 conrancrus.
1092 297 1161 378 177

116 490 248 576 pactus
266 495 354 556 ante
371 481 493 573 fuerit,
512 493 549 556 et
566 493 695 579 postea
720 481 827 555 alteri
853 481 1051 578 paciscitur
1076 506 1163 556 oon·
1190 513 1290 566 secr.
1305 515 1359 566 ιιι.

117 593 286 684 tranium,
303 594 394 668 facit
419 609 460 668 nt
481 603 638 694 pactum
660 617 735 668 nou
757 594 870 692 prius,
889 596 955 669 sed
980 596 1162 693 posterius
1201 593 1345 696 ,ἑή

115 708 289 782 illicitum
308 708 367 780 sit.
420 708 517 781 Nam
535 708 598 804 qui
613 707 796 804 prioribus
818 709 953 807 pactis
967 709 1039 804 jus
1053 733 1160 783 suum
1174 732 1346 810 ramum

115 821 156 894 in
173 821 335 895 alterum
363 821 612 912 transtulerat,
629 820 789 895 faciendi
817 821 874 894 vel
900 845 976 896 uon
1002 821 1163 897 faciendi
1173 809 1360 912 ffatim*

106 935 178 1029 joa
195 958 274 1007 non
287 934 443 1030 amplius
455 935 578 1008 habet.
618 934 743 1009 Quare
752 934 1016 1030 posterioribus
1026 937 1161 1035 pactis
1173 927 1295 972 mim
1309 931 1349 971 ‘¹‘

111 1047 174 1141 jus
191 1047 338 1120 nullum
361 1047 559 1133 transfert;
587 1059 625 1122 et
642 1048 742 1144 quod
758 1048 977 1145 promissum
995 1061 1063 1138 est,
1083 1051 1161 1124 sine

111 1161 199 1255 jure
216 1162 439 1258 promissum
454 1172 522 1235 est.
573 1163 736 1235 Tenetur
751 1161 866 1258 igitur
878 1163 1062 1259 prioribus
1080 1177 1162 1238 tan-

118 1288 199 1348 tum
211 1275 367 1373 pactia;
395 1299 477 1371 quae
495 1275 631 1350 violare
650 1287 706 1348 est
723 1274 903 1348 illicitum.

172 1397 229 1462 18.
259 1389 433 1479 Mortem,
468 1389 526 1462 vel
559 1389 723 1478 vulnera,
758 1389 818 1462 vel
850 1388 950 1462 aliud
984 1389 1160 1466 damnum
1173 1395 1362 1506 mm

114 1503 284 1600 corporis
313 1503 486 1577 inferenti
502 1526 610 1576 nemo
636 1504 755 1600 pactis
782 1503 858 1576 suis
883 1503 1162 1602 quibuscunque
1173 1527 1231 1571 ronti
1253 1527 1359 1604 31·an

113 1617 306 1712 obligatur
328 1641 403 1690 non
429 1616 609 1690 resistere.
662 1617 730 1690 Est
757 1617 852 1690 enim
883 1617 921 1688 in
939 1641 1162 1716 unoquoque
1174 1604 1241 1701 li?
1238 1605 1278 1700 ,¹2¹2
1287 1590 1361 1635 Μ’
1451 1621 1452 1646 ¹

112 1730 257 1826 gradus
282 1730 431 1825 quidam
448 1729 655 1804 timiditatis
681 1753 856 1820 summus,
875 1753 1068 1827 perquem
1085 1756 1162 1806 ma-

115 1844 195 1918 lum
213 1843 316 1942 quod
332 1845 489 1917 infertur
513 1843 756 1940 apprehendit
773 1855 815 1917 ut
833 1844 1044 1934 maximum,
1062 1843 1163 1918 ideo-

104 1982 190 2053 vque
228 1957 447 2031 necessitate
481 1957 641 2032 naturali
678 1969 858 2054 quantum
894 1968 1017 2053 potest
1054 1957 1162 2056 sugit,

113 2069 410 2168 intelligiturque
427 2072 533 2145 aliter
549 2071 671 2144 faeere
697 2095 772 2145 non
796 2095 914 2168 posse.
968 2072 1027 2146 Ad
1052 2073 1164 2147 talem

111 2181 277 2278 gradum
293 2195 412 2258 metus
438 2207 524 2258 cum
546 2195 763 2280 perventum
785 2183 908 2274 fuerit,
933 2208 1008 2259 uon
1026 2197 1083 2260 est
1101 2211 1163 2260 ex-

115 2295 344 2392 pectandum
361 2297 449 2394 quin
467 2298 526 2370 vel
552 2295 641 2392 fuga
669 2297 725 2370 vel
749 2320 876 2393 pugna
897 2297 966 2372 sibi
982 2301 1161 2376 consulat

114 2409 212 2482 Cum
232 2409 345 2505 igitur
363 2435 471 2484 nemo
488 2421 658 2483 teneatur
683 2410 732 2482 ad
757 2411 992 2506 impossibile,
1010 2413 1064 2486 illi
1082 2415 1163 2510 qui-

114 2524 185 2596 bus
204 2547 318 2613 mora,
337 2524 437 2620 quod
463 2523 660 2596 maximum
689 2534 831 2598 uaturae
854 2523 992 2598 mulum
1019 2538 1087 2616 est,
1104 2529 1163 2602 vel

113 2637 253 2734 quibus
271 2636 423 2710 vulnera
440 2649 504 2710 aut
520 2637 593 2710 alie
609 2637 773 2732 corporis
791 2635 925 2712 damna
941 2637 1162 2730 inferitum,

114 2773 187 2824 neo
216 2751 266 2824 ud
290 2773 337 2822 ea
359 2748 511 2824 ferenda
533 2762 745 2824 constantes
775 2751 863 2824 satis
891 2763 988 2841 sunt,
1006 2776 1050 2826 ea
1066 2752 1163 2826 ferre

116 2888 193 2936 non
222 2863 444 2960 obligantur.
510 2863 693 2937 Praeterea
720 2864 754 2936 ei
777 2863 841 2961 qui
864 2877 975 2960 pacto
1003 2877 1162 2956 tenetur,

115 2976 307 3050 ereditur:
335 2987 525 3072 pactorum
549 2977 648 3050 enim
670 2977 858 3050 vinculum
881 2977 959 3052 sola
975 2978 1066 3052 fides
1094 2990 1161 3055 est

117 3092 194 3174 Qui
208 3115 297 3164 vero
307 3090 358 3162 ad
370 3089 588 3186 supplicium
606 3090 803 3180 ducuntur,
817 3091 893 3164 sive
905 3092 1073 3188 capitale,
1086 3092 1163 3166 sive

116 3205 269 3302 capitali
298 3203 432 3292 mitius,
452 3204 756 3300 constringuntur
783 3203 950 3294 vinculis,
967 3205 1025 3278 vel
1053 3207 1163 3280 satel-

116 3321 245 3393 litibus
280 3317 565 3392 custodiuntur:
610 3318 709 3413 quod
736 3318 883 3414 signum
917 3319 1163 3394 certissimum

118 3447 191 3518 est,
210 3456 289 3507 non
302 3430 418 3504 videri
436 3430 517 3505 illos
536 3430 652 3528 pactis
663 3429 711 3504 nd
723 3454 798 3503 non
812 3431 1057 3504 resistendum
1075 3434 1163 3507 satis

116 3547 303 3642 obligatos
340 3567 429 3618 esse.
481 3544 595 3617 Aliud
624 3555 691 3633 est,
726 3543 758 3616 si
788 3543 840 3616 sio
868 3544 1056 3640 paciscor:
1093 3545 1163 3618 nisi

117 3662 243 3736 fecero
270 3657 474 3732 constituta
499 3658 570 3746 die,
589 3656 767 3732 interfice.
819 3656 933 3730 Aliud
959 3657 990 3730 si
1008 3659 1073 3746 sic,
1091 3659 1162 3732 nisi

116 3775 254 3859 fecero,
283 3771 518 3845 interficienti
548 3795 624 3844 non
654 3771 833 3844 resistam.
885 3769 1007 3844 Primo
1037 3771 1160 3860 modu,

117 3887 357 3984 paciscuntur
381 3909 521 3974 omnes,
550 3885 580 3958 si
597 3909 688 3982 opus
715 3894 793 3969 est3
833 3907 924 3979 opus
954 3895 1079 3956 autem
1106 3894 1162 3956 est

119 3999 340 4098 aliquando;
368 3999 529 4072 seeundo
545 3998 655 4073 modo
669 4021 789 4086 nemo,
803 4019 872 4070 nee
889 4020 1052 4091 unquam
1069 4021 1161 4093 opus

117 4126 188 4190 est.
216 4114 315 4186 Nam
332 4111 372 4186 iu
389 4121 490 4185 statu
506 4135 605 4186 mere
622 4111 792 4200 naturali,
810 4110 840 4184 si
859 4109 1025 4190 occidere
1044 4111 1160 4209 nupia,

217 4248 309 4301 VOL.
326 4247 372 4298 11.
1033 4246 1061 4298 N
