2876 4908
207 289 262 344 nu
283 290 425 344 auaro
446 288 518 343 nur
539 289 619 343 run
638 287 805 344 sacrum
826 288 994 344 novum.
1047 272 1120 352 ³87

75 455 250 532 civitatis.
315 455 457 530 Pariter
486 465 686 553 praecepto,
715 479 788 530 moa
807 453 1013 549 ,sarabara
1046 479 1122 530 uon
1151 487 1248 541 sacr,
1263 489 1316 540 111,

73 570 295 666 prohibetur
312 570 430 644 omnis
456 569 511 643 rei
536 568 677 643 invasio
695 580 759 643 aut
776 567 1005 643 clandestina
1022 570 1122 644 abla-
1162 565 1306 672 „L

74 685 141 775 tio,
173 682 240 760 sed
266 683 396 758 alienae
424 695 581 758 tantum.
632 682 791 756 Jubetur
821 705 909 780 ergo
937 682 1027 758 aivis
1050 683 1123 757 hoe

74 820 205 884 unum,
236 820 284 870 ne
313 795 465 870 invadat
494 806 559 870 aut
582 794 757 892 surripiat
784 795 992 892 quiequam,
1023 793 1124 893 quod

75 909 202 984 invadi
217 919 282 983 aut
298 909 432 1006 surripi
443 907 615 1009 prohibet
628 909 756 982 civitas
769 939 778 994 ;
801 920 839 982 et
850 909 889 983 in
899 909 1122 1000 universum,

74 1047 152 1098 non
169 1045 302 1097 vocare
328 1022 524 1120 quicquam
541 1020 789 1113 homicidium,
808 1021 1048 1114 adulterium,
1065 1023 1124 1098 vel

61 1137 233 1234 fumum,
251 1135 321 1210 nisi
349 1135 450 1233 quod
475 1137 542 1209 fiat
568 1145 699 1210 eontra
721 1135 821 1235 leges
849 1135 984 1210 civiles.
1037 1135 1124 1212 Pos-

75 1261 210 1340 tremo,
229 1273 313 1324 curn
334 1247 485 1346 jusserit
509 1249 720 1322 enarrans
737 1259 907 1344 parentes
929 1250 1123 1344 honorare,

75 1387 146 1438 nec
163 1363 390 1462 praescripsit
407 1362 539 1461 quibus
557 1360 702 1452 ritibus,
721 1361 854 1460 quibus
872 1362 1125 1460 appellationi·

75 1477 158 1568 bus,
185 1477 284 1574 quali
309 1475 519 1550 obedientia
544 1475 751 1550 honorandi
776 1486 873 1567 sunt,
904 1475 1124 1574 intelligitur

75 1590 314 1665 honorandos
340 1590 646 1681 essevolumus
672 1588 820 1686 quidem
846 1599 884 1662 et
907 1588 1064 1679 interne,
1082 1599 1125 1664 ut

76 1703 239 1778 filiorum
266 1727 418 1778 suorum
438 1725 544 1800 reges
574 1714 613 1775 et
643 1702 824 1793 dominos,
853 1714 1005 1776 externe
1035 1725 1123 1776 vero
1237 1799 1239 1806 Α

76 1841 153 1892 non
184 1816 350 1907 ulterius,
379 1823 488 1914 quain
522 1815 704 1913 permittit
738 1815 989 1914 civitasque
1020 1841 1125 1890 auum

77 1931 213 2030 cuique
225 1930 335 2024 (sicut
347 1940 385 2004 et
397 1953 455 2004 res
472 1929 578 2025 alias)
597 1927 771 2002 lroucrcm
788 1929 1001 2026 assignabit.
1029 1929 1125 2002 Cum

77 2057 204 2118 autem
222 2056 356 2118 natura
369 2042 523 2140 justitiae
540 2043 579 2116 in
598 2065 641 2116 eo
660 2041 849 2130 consistat,
866 2053 909 2116 ut
925 2066 1028 2116 auum
1046 2041 1125 2116 eui-

78 2180 150 2254 que
167 2157 364 2247 tribuatur,
383 2155 617 2230 manifestum
644 2167 701 2230 est
726 2155 774 2230 ad
799 2155 985 2230 civitatem
1010 2155 1125 2252 perti-

78 2293 168 2344 nere
194 2269 307 2344 etiam
334 2267 595 2356 Christianam,
620 2261 711 2365 quid
732 2269 780 2342 sit
797 2269 943 2366 justitia
970 2281 1009 2343 et
1034 2269 1124 2368 quid

78 2382 272 2480 injustitia,
291 2383 366 2457 sive
384 2393 576 2480 peecatum
599 2393 729 2456 eontra
741 2383 934 2478 justitiam,
953 2382 1125 2456 determi-

77 2521 180 2570 nare.
234 2496 344 2572 Quod
361 2507 485 2570 autem
510 2495 557 2569 ad
584 2494 771 2569 civitatem
793 2495 966 2591 pertinet,
985 2495 1023 2570 id
1040 2519 1123 2592 per-

79 2611 199 2684 tinere
224 2609 449 2684 censendum
474 2619 530 2682 est
553 2607 705 2682 adeum
730 2607 788 2680 vel
811 2631 886 2698 eos,
904 2607 968 2704 qui
984 2608 1124 2682 habent

78 2745 265 2796 summum
282 2721 440 2797 civitatis
457 2721 663 2818 imperium.

117 2845 175 2910 ll.
195 2835 309 2911 Porro
327 2836 500 2933 quoniam
519 2835 693 2910 Servatur
709 2844 835 2908 noster
847 2834 987 2908 civibus
1004 2833 1122 2907 nullas
1136 2848 1272 2896 pertnent

78 2947 259 3024 indicavit
274 2950 374 3046 leges
392 2949 491 3024 circa
504 2949 663 3024 civitatis
680 2946 856 3046 regimen,
874 2961 1011 3046 praeter
1023 2947 1122 3044 leget
1135 2923 1331 3032 imbibas,

78 3071 235 3152 naturae,
248 3062 320 3136 hoe
338 3073 405 3153 est,
423 3074 559 3160 praeter
571 3062 785 3137 mandatum
802 3062 1022 3137 obedientia
1035 3061 1123 3136 civi·
1135 3045 1309 3169 ffliffluss‘

79 3171 134 3263 lis,
149 3199 227 3248 non
238 3185 362 3272 potest
371 3177 461 3250 aivis
472 3176 666 3273 quisquam
678 3176 851 3273 privatim
866 3177 1123 3266 determinare,
1137 3175 1284 3286 ssfflffi

80 3287 162 3383 quis
189 3286 238 3360 sit
265 3287 416 3377 amicus,
445 3289 504 3362 vel
531 3288 612 3386 quis
635 3288 752 3363 hostis
778 3289 959 3386 publicus,
978 3291 1124 3388 quando

79 3399 230 3488 bellum,
244 3399 390 3496 quando
405 3399 537 3492 foedus,
550 3401 697 3498 quando
710 3425 796 3499 pax,
808 3403 955 3500 quando
966 3403 1125 3479 induciae

79 3511 253 3587 ineundae
281 3512 378 3600 sint;
415 3537 534 3612 neque
558 3515 621 3613 qui
653 3515 763 3608 cives,
791 3541 874 3615 quae
902 3529 940 3592 et
966 3543 1125 3616 quorum

83 3623 277 3700 hominum
311 3627 523 3716 auctoritas,
556 3653 638 3726 quae
673 3629 864 3722 doetrinae,
896 3631 959 3728 qui
991 3655 1124 3722 mores,

80 3761 164 3834 quae
182 3739 382 3828 orationes,
400 3765 483 3838 quae
506 3743 797 3818 combinationes
823 3757 862 3818 et
884 3768 1041 3842 quorum
1059 3744 1125 3819 ho-

80 3851 233 3942 minum,
251 3853 361 3927 saluti
379 3853 538 3929 civitatis
563 3855 623 3928 vel
649 3857 852 3932 commodae
876 3855 935 3930 vel
961 3856 1125 3932 adversae

79 3962 165 4039 sint.
219 3965 312 4040 Haec
330 3991 418 4064 ergo
438 3979 475 4042 et
493 3968 627 4043 similia
645 3971 772 4046 omnia*
785 3995 809 4044 a
822 3970 982 4061 civitate,
1000 3971 1125 4065 idest,

80 4077 269 4152 asummis
286 4079 563 4175 imperantibus,
583 4081 612 4154 si
630 4106 722 4179 opus
739 4082 798 4173 sit,
814 4081 989 4157 discenda
1001 4095 1098 4160 sunt.

136 4198 192 4266 12.
219 4191 413 4284 Praeterea,
427 4193 507 4268 haec
521 4194 667 4281 omnia;
684 4195 972 4292 propugnacula,
984 4197 1124 4288 domos,

932 4330 953 4382 c
967 4309 1017 4384 ο2
