2904 4916
366 297 420 350 DE
441 293 622 352 cunutus
642 295 694 352 ΕΤ
712 295 923 352 PsccAurs.
1094 284 1167 351 323

119 465 257 540 fumroe
268 464 364 556 lites,
379 489 461 562 quae
477 466 575 541 forte
592 465 747 542 infinita!
765 477 864 558 sunt,
875 464 1069 563 dijudicari
1082 489 1167 564 pos-
1196 497 1295 551 secr,
1308 497 1361 552 111,

122 580 210 671 sint,
228 578 454 677 impossibile
472 581 530 672 sit,
542 580 771 680 intelligitur,
789 581 947 656 inomni
965 603 1052 656 casu
1069 581 1168 681 legi·
1207 577 1352 684 „L

122 691 189 766 dua
216 692 377 792 scriptia
402 694 663 792 praetermisso,
690 693 914 793 sequendam
940 717 1019 768 esse
1046 694 1168 794 legem

120 806 319 906 aeqoitotic
335 807 539 900 naturalia,
558 831 640 905 quae
653 809 761 906 jubet
786 809 943 906 aequalia
965 807 1168 907 aequalibus

120 919 363 995 distribuere:
390 931 501 1018 atque
513 921 597 1014 hoc,
611 922 649 996 vi
667 921 768 1022 legia
786 921 922 1015 cicilie,
941 945 1023 1021 qute
1039 945 1168 1020 poenas

120 1034 234 1108 etiam
260 1035 307 1110 de
332 1034 377 1108 iis
404 1035 530 1133 exigit,
548 1035 613 1131 qui
638 1035 795 1110 scientos
815 1047 854 1110 et
869 1037 1035 1112 volentes
1061 1036 1168 1137 teget

119 1147 319 1224 naturales
335 1149 435 1224 facto
452 1149 787 1246 mnrgrediuntur.

175 1269 232 1336 15.
261 1261 331 1336 llis
348 1261 557 1354 intellectis,
574 1274 729 1361 apparet
744 1263 915 1361 primum,
933 1263 1040 1364 leget
1060 1273 1169 1338 ecta-
1182 1285 1373 1345 muana

119 1373 238 1466 rates,
253 1395 477 1474 quamquem
493 1373 532 1452 in
544 1375 648 1452 libris
657 1378 960 1477 philosophorum
974 1380 1168 1477 descriptae
1181 1351 1373 1476 ῗέἒρὶἶιῗιξὶι

119 1488 272 1580 fuerint,
285 1511 363 1564 non
380 1513 459 1565 esse
476 1492 524 1565 ob
542 1515 624 1566 eam
638 1509 718 1566 rem
735 1493 920 1568 vocandas
937 1493 1037 1590 leges
1056 1493 1169 1591 scrip-
1181 1483 1359 1540 mill*

1180 1547 1315 1604 prudentum
1325 1561 1360 1590 no

121 1613 201 1690 tas3
227 1625 350 1700 nequo
377 1603 516 1703 scripte
536 1605 855 1703 jurisprudentum
880 1626 959 1682 csse
984 1605 1097 1706 leges,
1119 1608 1167 1682 ob
1181 1626 1224 1670 ‘1¹²⁰
1234 1611 1373 1720 masidi

122 1715 308 1792 defectum
337 1719 569 1794 auctoritatis
596 1741 769 1806 summae3
806 1743 926 1819 neque
961 1722 1072 1795 etiam
1106 1745 1167 1794 re·
1180 1691 1357 1800 3333

120 1853 261 1930 apoteca
280 1831 523 1932 prodentem,
548 1833 588 1906 id
613 1833 875 1930 est,jodicum,
893 1835 964 1909 nisi
985 1820 1377 1932 quatenusffil't'dd*

121 1967 305 2020 consensu
323 1964 475 2022 summae
491 1949 687 2044 potcstatis
703 1948 744 2022 in
761 1948 1065 2024 consuetudinem
1090 1949 1169 2022 abi-

121 2059 228 2134 erint.
280 2059 386 2136 'luno
411 2071 535 2136 autem
560 2061 657 2136 inter
680 2060 788 2160 teget
803 2055 975 2162 acceptes
1000 2061 1169 2138 habenda

120 2195 223 2248 esse:
260 2193 336 2248 non
361 2185 515 2273 propter
540 2175 844 2250 consuetudinem
869 2175 1000 2274 ipsam,
1024 2200 1107 2275 quae
1131 2177 1169 2250 vi

120 2311 187 2363 sua
202 2289 325 2386 legem
344 2311 422 2364 non
448 2290 664 2376 constituit;
691 2287 757 2364 sed
772 2299 926 2387 propter
941 2291 1168 2365 voluntatem

121 2404 257 2479 summi
281 2403 508 2501 imperantis,
528 2425 611 2503 quae
628 2423 675 2478 ex
692 2427 737 2478 eo
761 2404 941 2502 arguitur,
960 2404 1062 2500 quod
1086 2427 1170 2477 cen·

120 2517 291 2610 tentiam,
310 2518 386 2592 sive
412 2541 556 2617 aequam
582 2518 659 2592 sive
681 2517 858 2613 iniquam,
876 2519 916 2591 in
933 2517 1171 2592 cousuetudi-

120 2655 206 2706 nem
223 2631 279 2706 irc
296 2653 490 2730 perpessus
508 2645 576 2708 est.

175 2755 233 2820 16.
261 2743 464 2820 Peccatum
493 2745 762 2846 significatione
796 2743 975 2820 latissima
1005 2765 1362 2846 compre-eontanas„

120 2859 253 2934 hendit
283 2883 392 2934 omne
406 2860 575 2959 fectum,
605 2861 757 2953 dictum,
784 2872 823 2935 et
849 2858 1013 2952 volitum,
1039 2868 1171 2934 contra
1182 2833 1370 2955 lfflnddw

121 2983 264 3049 rectam
296 2975 491 3049 rationem.
544 2975 806 3072 Unusquisque
838 2973 937 3048 enim
969 2973 1093 3048 media
1122 2961 1298 3046 adquae

120 3090 246 3178 finem,
278 3109 389 3186 quarn
422 3089 569 3163 sibimet
602 3089 673 3186 ipsi
700 3089 888 3186 proponit,
913 3087 1171 3163 ratiocinando

122 3203 269 3300 quaerit.
323 3203 363 3277 Si
388 3225 477 3300 ergo
498 3214 599 3277 recte
625 3199 879 3295 ratiocinetur,
897 3202 968 3276 boc
992 3213 1061 3293 est,
1079 3201 1171 3276 inci·

120 3319 228 3416 piens
242 3317 466 3415 aprincipiis
484 3316 767 3392 evidentissimis
784 3325 888 3392 texat
906 3316 1112 3392 discursum
1125 3339 1171 3390 ex

121 3431 434 3530 consequentibus
460 3432 635 3507 continuo
660 3432 888 3522 necessariis,
912 3432 1172 3530 progredietur

121 3545 257 3620 itinere
279 3543 544 3631 directissimo;
570 3546 678 3620 aliter
704 3546 877 3637 deviabit,
895 3545 936 3620 id
952 3545 1171 3645 estfaciet,

121 3660 238 3751 dicet,
251 3659 311 3733 vel
324 3659 523 3734 conabitur
536 3659 677 3757 aliquid
690 3671 821 3735 contre
833 3661 946 3734 finem
957 3660 1171 3758 proprium:

122 3773 225 3872 quod
242 3797 328 3848 oum
343 3771 485 3866 fecerit,
505 3773 648 3848 dicetur
670 3773 926 3848 ratiocinando
944 3774 1094 3872 quidem
1111 3795 1172 3846 er-

120 3911 245 3978 ratae,
273 3887 420 3962 actione
445 3909 533 3962 vero
561 3897 599 3962 et
628 3887 817 3962 voluntate
837 3911 1025 3988 peccasse
1036 3915 1051 3972 ,·
1085 3909 1173 3960 nam

114 4010 320 4102 peccatum
336 4001 390 4076 ito
406 4001 571 4098 sequitur
597 4011 778 4092 erectam,
797 4003 893 4076 sicut
918 4001 1091 4077 voluntat
1115 4001 1172 4074 in·

122 4114 325 4192 tellectum.
377 4116 501 4212 Atque
534 4117 616 4191 haec
649 4129 706 4191 est
732 4117 832 4191 vocis
864 4116 1031 4214 acceptio
1059 4139 1173 4214 gene-

121 4228 315 4320 ralissima,
334 4253 408 4327 quc
421 4229 632 4306 continetur
654 4229 925 4328 omnesoctom
942 4229 1173 4330 tepentem,

994 4367 1051 4428 Ye
