2904 4912
245 267 461 324 DKREGNO
482 269 553 324 nul
574 269 654 324 Pan
672 269 839 327 PAOTUM
859 274 1026 330 NOVUM.
1082 262 1157 328 391¹

114 438 303 514 rationem
324 435 600 525 miraculorum,
615 435 868 536 prophetiam,
895 439 1157 516 discretiorem
1180 473 1278 527 saco,
1294 473 1345 528 ur.

115 551 332 652 spirituum,
349 549 545 624 scientiam
563 549 789 648 linguarum,
808 551 1157 652 interpretationem
1195 551 1340 658 „L

114 689 348 750 sermonum
374 663 498 738 omnia
512 686 579 761 per
591 662 775 762 Spiritum
790 664 965 741 Sanctum
983 690 1157 768 superna-

114 777 286 854 turaliter
302 777 491 876 inspirata,
509 789 548 852 et
575 800 620 850 ea
642 801 724 874 quae
750 777 925 852 amimalia
952 779 1056 852 homo
1082 803 1157 856 non

114 899 241 990 potest
274 888 490 986 intelligere,
521 889 587 964 sed
615 889 677 964 ille
707 900 862 980 tantum,
890 891 954 990 qui
983 893 1158 990 cognovit

115 1027 266 1078 sensum
301 1001 437 1076 Christi
473 1002 512 1097 (2
545 1001 628 1076 Cor.
672 1000 711 1076 ii.
745 1000 901 1096 14-16):
938 1003 1035 1079 bona
1065 1027 1155 1079 vero

114 1115 279 1190 fortunae
296 1113 472 1188 carnalia
488 1123 596 1189 vocet
616 1113 738 1208 (Rom.
754 1138 813 1188 xv.
832 1117 913 1211 27),
937 1128 976 1190 et
993 1139 1067 1208 eos,
1095 1117 1158 1213 qui

115 1229 287 1304 homines
314 1239 411 1319 sunt,
430 1228 606 1302 caraulas
633 1227 667 1322 (l
692 1226 775 1302 Cor.
803 1227 855 1302 iii.
878 1229 984 1324 1-3):
1010 1253 1086 1304 non
1102 1241 1158 1304 tae

115 1365 204 1416 men
223 1339 401 1432 definivit,
418 1361 538 1437 neque
554 1339 699 1436 regulas
718 1339 832 1433 dedit,
850 1341 983 1440 quibus
1001 1342 1160 1418 sciamus

117 1453 210 1552 quid
236 1478 260 1529 a
288 1453 433 1528 ratione
463 1452 634 1544 naturali,
653 1452 742 1550 quid
766 1479 791 1528 a
813 1455 1080 1552 supernaturali
1100 1455 1159 1531 in-

117 1567 318 1666 spiratione
331 1567 596 1665 proficiscatur.

183 1690 240 1756 15.
281 1681 374 1755 Cum
407 1680 521 1778 igitur
553 1691 698 1754 constet
725 1680 958 1756 Servatorem
991 1690 1155 1755 nostrum
1169 1695 1318 1740 verbanno*

112 1793 307 1890 judicandi
341 1792 683 1889 determinandique
724 1793 990 1868 controversias
1031 1759 1327 1885 omnesilffi‘ddidl'

117 1907 218 1980 circa
244 1904 470 2006 temporalia
500 1929 680 1980 summam
716 1906 973 1981 auctoritatem
1007 1905 1163 1982 commi-

115 2020 218 2110 sisse,
237 2018 296 2093 vel
311 2017 434 2116 potius
459 2042 535 2093 non
556 2017 762 2110 abstulisse,
781 2019 1019 2118 principibus,
1042 2019 1158 2116 iisque

114 2133 180 2232 qui
198 2132 237 2206 in
255 2130 407 2228 singulis
433 2129 641 2206 civitatibus
659 2155 841 2206 summum
858 2133 1026 2208 obtinent
1044 2133 1158 2231 impe-

110 2246 234 2331 rium;
260 2243 459 2318 videndum
488 2243 659 2342 deinceps
688 2256 756 2338 est,
775 2246 834 2319 cui
861 2246 1085 2322 commiserit
1110 2245 1159 2320 si-

112 2361 241 2434 milem
271 2358 530 2432 auctoritatem
569 2357 667 2433 circa
699 2358 935 2459 spiritualia.
996 2359 1041 2434 Id
1074 2359 1161 2457 quia

113 2473 202 2548 sciri
218 2495 293 2546 nou
316 2480 440 2569 potest
456 2469 590 2544 nisiex
606 2469 717 2544 uerbo
735 2470 811 2544 Dei
828 2481 865 2546 et
890 2471 1059 2546 ecciesiae
1077 2482 1159 2547 tru-

114 2585 272 2676 ditioue,
300 2583 560 2681 inquirendum
588 2582 757 2680 proximo
787 2583 868 2658 loeo
896 2595 964 2674 est,
993 2585 1081 2682 quid
1112 2585 1160 2660 sit

112 2698 266 2776 uerbum
281 2696 359 2771 Dei
368 2724 384 2782 ;
411 2694 500 2793 quid
517 2695 609 2771 illud
633 2695 909 2794 interpraturi;
935 2696 1025 2792 quid
1042 2697 1122 2771 cccl
1142 2745 1158 2758 -

114 2811 178 2887 aia
196 2813 266 2898 sit;
293 2821 331 2884 et
357 2808 446 2907 quid
464 2807 633 2883 ecclesia
664 2809 836 2884 uoluatur
867 2819 906 2884 et
933 2809 1158 2885 mandatum.

115 2927 172 3002 Ut
185 2925 410 3016 omittamus,
425 2922 525 3021 quod
541 2922 690 2998 uerbum
702 2923 780 2997 Dei
791 2923 831 2997 in
844 2923 1033 3021 Scriptura
1047 2923 1168 3000 Sacra

114 3049 278 3138 ponatur
294 3035 490 3134 aliquando
514 3059 582 3133 pro
597 3035 688 3132 filio
706 3035 809 3122 Dci;
836 3036 1013 3133 accipitur
1030 3059 1074 3110 ea
1086 3061 1158 3113 vox

114 3151 323 3251 tripliciter.
368 3149 503 3240 Primo,
521 3148 771 3248 propriissime
788 3173 855 3246 pro
873 3174 928 3242 eo,
947 3150 1046 3248 quod
1057 3150 1158 3226 Deus

113 3264 292 3361 loquutus
309 3274 390 3350 ert3
417 3261 470 3336 sic
489 3261 641 3336 verbum
658 3260 728 3335 Dei
755 3272 811 3336 est
828 3260 1006 3360 quidquid
1027 3263 1158 3361 loquu-

113 3388 178 3452 tus
197 3387 252 3452 est
269 3377 368 3450 Deus
382 3375 430 3450 ad
442 3375 693 3450 Abrahamum
706 3384 744 3448 et
756 3373 998 3467 Patrierohas,
1013 3377 1157 3468 Mosen,

115 3502 156 3566 et
172 3489 399 3587 Prophetas;
426 3487 484 3562 vel
508 3487 681 3563 Servator
699 3497 824 3563 noster
841 3487 889 3562 ad
907 3488 1103 3586 discipulos
1121 3499 1159 3563 et

114 3603 209 3680 alios
227 3625 478 3701 quoscunque.
531 3599 713 3692 Secundo,
732 3601 907 3699 quicquid
935 3602 1075 3677 dictum
1103 3613 1159 3676 est

115 3718 165 3792 ab
190 3714 404 3790 hominibus
428 3717 535 3811 jussu
552 3714 611 3789 vel
637 3714 797 3811 impulsu
820 3714 977 3812 Spiritus
1005 3713 1156 3800 Sancti;

116 3853 191 3927 quo
216 3853 327 3903 sensu
353 3828 584 3926 agnoscimus
603 3827 812 3924 Scripturas
833 3827 962 3902 Sacrae
979 3851 1057 3902 esse
1074 3851 1156 3902 oer-

117 3943 201 4018 bam
233 3941 321 4017 Dei.
373 3941 497 4018 Tertio
528 3940 689 4040 quidem,
716 3941 755 4015 in
787 3941 893 4014 Novo
921 3939 1157 4016 Testamenta

116 4054 411 4153 frequentissime
444 4053 592 4128 uerbum
626 4053 703 4128 Dei
736 4053 918 4150 significat
952 4053 1158 4129 doctrinam

118 4168 390 4267 Evangelicam,
409 4167 484 4242 sive
501 4166 647 4244 uerbum
668 4167 715 4242 de
733 4168 827 4258 Deo,
850 4167 927 4242 sive
948 4165 1093 4242 uerbum
1111 4168 1158 4244 de
