2864 4924
278 301 302 369 2
669 317 723 371 nn
743 317 925 372 nonius.

91 515 189 568 sacr.
202 513 241 568 11,
278 481 419 558 facum
447 505 526 558 esse
555 507 669 575 mare,
697 509 743 558 ex
777 483 1009 560 solidioribus
1037 495 1186 574 terram,
1214 479 1320 557 initio

95 591 238 700 „L
280 595 430 697 quidem
446 597 534 671 satis
550 607 727 689 teneram,
744 609 875 696 postea
886 621 974 674 vero
987 623 1011 672 a
1023 597 1218 696 splendore
1236 597 1322 670 solis

279 711 416 788 factam
450 712 746 809 compactionem.
803 713 888 788 Qua
915 713 1070 787 mollitie
1100 709 1253 801 telluris,
1283 709 1322 782 in

279 823 371 898 locis
397 823 466 899 soli
492 825 784 922 subjectioribus,
809 825 950 900 factum
974 849 1052 901 esse
1079 826 1196 930 ajunt,
1219 823 1322 897 utin

281 937 373 1012 locis
388 937 574 1034 paludosis
591 950 754 1013 tumores
771 938 847 1013 sive
859 939 1017 1036 pustulae
1031 937 1199 1036 quaedam
1218 959 1323 1010 enas-

284 1063 468 1142 cerentur,
501 1053 771 1127 membranulas
799 1053 977 1128 habentes
1007 1077 1052 1126 ex
1080 1051 1213 1150 quibus
1238 1061 1325 1147 post

283 1163 442 1260 perustis
452 1165 716 1264 perfractisque
729 1191 837 1242 omne
847 1167 964 1264 genus
974 1163 1324 1252 animalium,etiam

284 1277 465 1368 homines,
489 1277 791 1354 excludebantur.
843 1278 1053 1377 Propinqua
1073 1276 1221 1374 quidem
1243 1275 1325 1349 baec

283 1401 370 1466 sunt
387 1390 432 1464 iis
450 1415 532 1488 quae
553 1391 749 1466 traduntur
773 1392 812 1466 in
836 1393 958 1490 capite
979 1390 1099 1489 primo
1127 1391 1325 1478 Genereos,

199 1505 202 1514 ’
283 1503 443 1580 sednon
469 1503 608 1580 eadem
661 1505 758 1580 Nam
785 1505 1032 1580 discessenmt
1060 1503 1208 1602 quidem
1236 1524 1260 1575 a
1286 1525 1325 1575 se

283 1617 440 1691 invicem
458 1639 624 1714 corpora,
646 1629 683 1691 et
705 1617 754 1692 ad
776 1641 843 1692 sua
867 1641 1021 1716 quaeque
1047 1616 1128 1691 loca
1154 1615 1327 1689 abierunt

283 1729 536 1828 homogenea;
564 1732 629 1805 sed
650 1741 801 1829 propter
824 1740 967 1805 motum
995 1729 1144 1827 spiritus
1162 1727 1244 1818 Dei,
1262 1723 1326 1824 qui

285 1867 394 1941 super
414 1843 515 1918 illam
540 1844 663 1942 abyssi
687 1844 821 1919 faciem
847 1867 959 1918 unam
985 1843 1184 1916 ferebatur.
1237 1843 1326 1915 Pro-

286 1956 393 2030 duxit
426 1959 538 2032 etiam
566 1969 666 2031 terra
700 1981 809 2032 omne
839 1981 955 2054 genus
984 1955 1224 2041 animalium
1261 1952 1326 2026 sed

287 2069 424 2143 virtute
441 2070 544 2144 verbi
569 2069 696 2160 divini,
723 2081 761 2143 et
786 2081 941 2167 excepto
966 2069 1128 2158 bomine,
1155 2067 1218 2165 qui
1243 2077 1329 2163 post

287 2193 422 2256 caetera
444 2182 617 2256 animalia
641 2183 690 2257 sd
715 2183 785 2257 Dei
803 2183 1079 2257 similitudinem
1096 2192 1241 2256 creatus
1259 2190 1327 2252 est.

287 2294 462 2368 Attamen
485 2295 548 2392 qui
573 2297 626 2370 sic
650 2295 897 2394 philosophati
923 2307 1020 2386 sunt,
1048 2305 1226 2391 quantum
1249 2293 1329 2365 sine

288 2407 511 2484 revelatione
533 2408 658 2484 divina
681 2410 826 2508 assequi
853 2409 962 2484 licuit
983 2420 1130 2483 tantum
1157 2407 1331 2483 videntur

289 2521 486 2618 assequuti.
538 2522 659 2598 Prima
675 2524 774 2598 enim
790 2523 951 2597 universi
975 2521 1164 2620 generatio
1192 2531 1234 2594 et
1256 2519 1330 2594 dis-

289 2633 435 2726 solutio,
469 2635 540 2710 uisi
573 2635 757 2711 conditori
791 2637 882 2734 ejus,
915 2636 1054 2710 nemini
1087 2635 1236 2732 cognita
1262 2643 1329 2708 est.
1426 2669 1427 2684 κ

290 2749 449 2824 Primam
466 2771 554 2847 ergo
571 2750 716 2847 generis
738 2749 890 2824 humani
916 2749 1096 2846 originem
1121 2749 1233 2822 talem
1251 2769 1330 2821 esse

291 2861 473 2937 credimus
495 2864 641 2964 qualem
662 2865 701 2939 in
718 2865 799 2962 lege
823 2887 929 2938 sacra
950 2887 973 2938 a
998 2865 1130 2962 Moyse
1156 2861 1331 2938 traditam

291 2974 496 3050 didicimus.

342 3094 377 3163 2.
405 3089 569 3163 Nutritio
585 3088 745 3163 hominis
768 3089 953 3188 quomodo
980 3111 1026 3163 ex
1052 3084 1141 3163 cibis
1168 3087 1330 3185 quotidie

291 3200 493 3298 perficitur,
511 3201 632 3274 sensui
648 3201 727 3276 fere
739 3203 974 3276 manifestum
988 3213 1055 3276 est.
1109 3201 1219 3275 Cibus
1233 3201 1331 3275 anim
1425 3225 1426 3280 r

293 3325 397 3388 motu
414 3313 487 3404 illo,
507 3337 615 3412 quem
633 3313 910 3412 deglutitiouem
924 3313 1090 3406 dicimus,
1105 3314 1275 3410 dejicitur
1291 3315 1331 3388 in

292 3427 551 3501 ventriculum.
602 3428 838 3502 Ventriculus
861 3440 965 3502 motu
984 3427 1144 3527 quodam
1162 3427 1232 3501 sibi
1248 3451 1332 3525 pro-

292 3541 374 3637 prio
392 3541 575 3638 dejectum
595 3543 724 3638 jactat,
752 3541 804 3616 ita
829 3554 872 3616 ut
900 3543 1053 3617 misceat
1083 3553 1120 3616 et
1149 3542 1332 3626 emolliat;

294 3651 485 3749 truditque
514 3653 553 3726 in
579 3653 763 3728 intestina.
816 3655 994 3729 Intestina
1020 3655 1222 3730 emollitum
1245 3679 1333 3752 pro-

294 3767 462 3856 trudunt,
487 3779 526 3840 et
550 3777 693 3863 partem
717 3767 796 3863 ejus
818 3768 1081 3858 tenuissimam,
1108 3767 1147 3841 id
1173 3780 1230 3842 est
1247 3769 1334 3866 chy·
1424 3811 1425 3814 π

296 3880 384 3972 lum,
412 3903 478 3978 per
507 3891 649 3954 motum
678 3881 957 3978 peristalticum,
987 3893 1128 3978 cogunt
1156 3882 1194 3954 in
1219 3905 1334 3955 venas

297 3993 456 4078 lacteam
483 4017 586 4068 venae
603 3994 731 4069 lacteae
748 3996 785 4069 in
805 3994 1060 4087 subclaviarea,
1074 3996 1132 4071 hae
1149 3997 1188 4070 in
1206 4017 1335 4071 cavam

296 4118 522 4194 exoneraut;
548 4132 643 4183 vens
669 4131 759 4183 cava
783 4109 820 4183 in
849 4133 924 4200 cor,
951 4109 1016 4182 ubi
1043 4130 1127 4183 cum
1157 4111 1335 4208 sanguine

298 4220 492 4308 miscetur;
520 4234 558 4296 et
578 4246 641 4296 cor
665 4223 703 4296 in
727 4223 889 4298 arterias.
943 4225 1088 4299 Partem
1108 4236 1231 4300 sutem
1256 4226 1335 4321 ejus
1422 4291 1424 4302 2
