2904 4916
297 272 369 338 300
706 287 936 345 IMPERIUM.

100 481 196 534 sacr.
211 483 264 536 111.
296 455 381 529 Quo
399 457 601 552 supposito,
619 457 735 552 quaeri
748 467 875 554 potest
891 467 1018 531 utrum
1035 457 1169 528 summi
1185 455 1345 552 impera-

110 560 254 665 ΔΥΕ
294 578 404 659 toreS,
423 581 462 642 et
488 570 696 666 quicunque
710 582 809 660 sunt,
827 571 903 644 sive
919 593 1015 644 unus
1031 569 1109 642 sive
1126 568 1265 666 plureS,
1282 570 1345 665 qui

82 700 275 776 masmana,
294 703 477 754 summum
495 682 655 755 civitatis
672 683 867 778 imperium
880 683 1151 773 administrant,
1165 707 1243 756 non
1260 707 1345 778 pec·

82 767 273 874 {diffidi
296 805 382 866 cent
412 805 543 867 contra
569 793 689 890 legem
717 805 873 886 naturae,
892 797 1052 870 sitalem
1078 795 1289 869 doctrinam
1307 807 1345 869 et

81 891 282 1011 fiffiffuffim
294 906 407 979 talem
418 907 569 996 cultum,
581 906 771 1003 quem'ipsi
781 907 922 982 civibus
932 908 981 982 ad
991 907 1150 981 salutem
1160 918 1345 983 ceterarum

80 1020 147 1065 ΝΜ·
294 1021 500 1093 necessario
518 1021 723 1094 conducere
738 1021 905 1112 credunt,
920 1046 996 1096 non
1009 1021 1150 1094 faciant
1161 1021 1289 1094 doceri
1306 1035 1346 1096 et

293 1134 469 1224 exhiberi,
491 1134 549 1208 vei
576 1135 799 1208 contrariam
829 1136 954 1208 doceri
978 1135 1037 1208 vel
1067 1135 1246 1234 exhiberi·
1259 1159 1345 1231 pcr-

293 1247 467 1320 mittant?
520 1247 759 1321 Manifestum
786 1261 844 1320 est
867 1248 989 1321 facere
1015 1271 1077 1320 eos
1104 1260 1238 1322 contra
1256 1273 1346 1322 con-

293 1359 498 1450 scientiam
524 1371 562 1434 et
585 1360 690 1452 velle,
719 1372 897 1456 quantum
930 1361 1036 1434 inse
1068 1371 1135 1448 est,
1162 1372 1343 1434 aeternam

292 1473 427 1546 civium
443 1473 699 1569 perditionem.
743 1474 841 1547 Nam
858 1474 978 1548 sinon
995 1473 1143 1562 vellent,
1158 1475 1342 1548 rationem

292 1610 368 1659 non
389 1587 495 1660 video
522 1610 634 1683 quare
661 1587 947 1677 committerent,
974 1587 1074 1682 (cum
1091 1587 1227 1659 summi
1247 1589 1343 1660 exis-

290 1711 412 1774 tentes
423 1701 506 1797 cogi
516 1724 591 1772 non
601 1701 1165 1796 possint),uteadocerenturct
1174 1700 1343 1775 facerent

289 1824 442 1910 propter
457 1838 539 1911 quae
553 1812 780 1887 damnandos
794 1838 856 1887 eos
870 1837 947 1887 esse
961 1814 1129 1887 credunt.
1174 1814 1341 1888 Difficul-

289 1938 407 2000 tatem
423 1939 545 2000 autem
563 1927 660 2000 hanc
674 1927 713 1999 in
732 1926 853 1999 medio
872 1926 1136 2022 relinquemus

77 2035 278 2158 {fflffim
339 2048 374 2113 6.
403 2040 606 2115 Commoda
633 2040 780 2130 civium,
808 2065 892 2136 quae
920 2040 1017 2113 hanc
1048 2050 1195 2113 tantum
1224 2041 1341 2115 vitam

289 2163 468 2250 spectant,
486 2154 526 2226 in
543 2164 702 2249 quatuor
718 2176 855 2251 genera
872 2153 1044 2227 distribui
1060 2163 1239 2249 possunt:
1265 2154 1340 2251 pri-

288 2291 402 2356 mum,
422 2279 467 2339 ut
483 2268 529 2340 ab
550 2266 716 2340 hostibus
734 2265 894 2340 externis
919 2263 1182 2339 defendantur:
1209 2289 1342 2340 sccun-

289 2379 927 2476 dum,'utpaxinternaconservctur:
940 2377 1339 2474 tertium,utquantum

288 2517 373 2566 cum
400 2493 597 2566 securitate
624 2493 772 2588 publica
794 2492 996 2565 consistere
1017 2503 1154 2588 potest,
1172 2492 1340 2590 locuple'

287 2617 436 2681 tentur:
464 2618 649 2703 quartum,
662 2611 708 2678 ¹ut
730 2605 901 2679 libertate
919 2605 1069 2678 innoxia
1086 2604 1338 2701 perfruanan.

286 2720 456 2817 Amplius
486 2720 584 2796 enim
608 2719 657 2794 ad
685 2717 900 2793 felicitatem
929 2717 1085 2808 civilem,
1110 2741 1225 2814 quam
1252 2730 1340 2793 uta

286 2835 383 2909 bello
397 2839 550 2909 externo
561 2845 600 2908 et
610 2832 708 2907 civili
718 2832 790 2906 tuti
802 2832 932 2926 opibus
942 2829 1127 2904 industria
1135 2833 1255 2927 partis
1265 2832 1338 2906 frui

286 2948 439 3044 possint,
456 2948 591 3021 summi
604 2947 845 3040 imperatores
864 2942 1030 3017 conferre
1048 2968 1124 3017 non
1140 2959 1310 3039 possunt.

74 3063 265 3174 ffefflgfgm
338 3064 373 3143 7.
400 3059 460 3132 Ad
476 3058 726 3131 defensionem
746 3056 874 3152 populi
900 3056 974 3130 duo
1001 3052 1209 3130 necessaria
1226 3070 1337 3144 sunt;

75 3194 259 3270 nasamones
279 3172 510 3272 praemoneri
528 3182 566 3245 et
578 3169 816 3269 praemuairi.
869 3170 995 3243 Status
1024 3171 1122 3243 enim
1140 3171 1336 3245 civitatum

75 3259 156 3316 ‘mh‘
285 3287 383 3359 inter
412 3309 451 3358 se
475 3284 678 3375 naturalis,
695 3282 735 3356 id
764 3292 831 3373 est,
854 3283 998 3356 hostilis
1026 3295 1091 3357 est.
1145 3284 1279 3380 Neque
1305 3287 1337 3359 si

285 3422 450 3496 pugnare
468 3409 624 3487 cessent,
642 3396 779 3469 idcirco
791 3419 865 3490 pax
883 3395 1040 3469 dicenda
1057 3408 1124 3486 est,
1135 3395 1203 3470 sed
1220 3398 1338 3495 respi-

286 3515 402 3598 ratio;
419 3513 458 3587 in
472 3537 546 3608 qua
557 3511 672 3585 hostis
683 3510 776 3583 alter
792 3509 943 3583 alterius
961 3519 1102 3583 motum
1115 3509 1338 3607 vultumque

286 3628 497 3716 observans,
515 3625 748 3699 securitatem
767 3647 871 3696 suam
898 3647 974 3697 non
991 3647 1037 3696 ex
1059 3623 1190 3719 pactis,
1209 3625 1276 3698 sed
1289 3649 1334 3698 ex

284 3743 424 3816 viribus
451 3751 489 3812 et
515 3738 679 3812 conciliis
701 3737 902 3812 adversarii
932 3737 1100 3811 aestimat.
1151 3738 1279 3833 Atque
1294 3738 1337 3812 id

282 3857 366 3951 jure
391 3853 562 3941 naturali,
588 3863 631 3926 nt
658 3852 779 3948 capite
806 3850 967 3924 secundo
993 3850 1148 3924 articulo
1176 3850 1334 3942 decimo,

287 3991 331 4041 ex
350 3967 508 4063 eoquod
529 3977 640 4063 pacta
665 3965 704 4039 in
732 3977 832 4039 statu
859 3964 1030 4054 naturali,
1050 3965 1195 4060 quoties
1209 3967 1334 4062 justus

285 4091 404 4154 metus
422 4080 630 4169 intercedit,
644 4090 729 4153 sunt
743 4078 914 4168 invalida,
930 4089 1116 4152 ostensum
1134 4087 1203 4151 est.
1256 4077 1333 4150 Ne-

286 4194 483 4268 cessarium
500 4194 614 4289 igitur
631 4205 687 4268 est
713 4193 760 4268 ad
787 4190 945 4266 civitatis
973 4189 1241 4281 defensionem,
1256 4191 1334 4286 pri-
