2904 4916
136 486 233 541 SECT.
249 490 300 541 111.

146 566 289 672 ᾧ

335 273 407 340 336
539 325 548 342 .
763 290 949 346 nummo.

326 478 513 568 parentes
531 471 640 568 ejun-
666 471 739 547 acd
757 482 799 548 ut
816 473 1154 572 mcnffertnreatnr
1171 500 1294 575 opera
1310 476 1388 552 Dei

330 580 369 655 in
387 581 465 658 illo.
504 584 740 683 Quamquam
756 597 878 661 autem
897 587 1038 662 dictum
1055 589 1102 663 sit
1123 589 1248 683 (Rom.
1267 615 1304 663 v.
1324 592 1384 686 12)

329 696 495 773 Mortem
513 699 737 774 intrassent
762 700 1050 776 inornandum
1069 726 1149 802 per
1170 714 1386 803 peccatam,

327 834 406 886 non
424 813 587 910 sequitur
604 813 694 911 quin
710 815 811 888 Deus
833 816 917 912 jure
935 840 1001 890 suo
1027 817 1192 915 potuerit
1215 816 1386 892 homines

329 940 368 1004 et
387 929 525 1004 morbis
544 941 583 1004 et
607 929 719 1004 morti
742 928 922 1004 obnoxios
949 930 1090 1022 fecisse,
1120 931 1268 1006 etiamsi
1292 955 1387 1005 nun-

330 1067 441 1141 quam
457 1053 697 1140 peccassent3
725 1042 1035 1140 quemadmodum
1057 1054 1193 1119 caetera
1210 1045 1385 1120 animalia

328 1155 500 1234 mortalia
515 1157 606 1232 fecit
622 1167 661 1232 et
676 1158 858 1250 morbosa,
874 1157 1018 1233 etiamsi
1035 1183 1190 1257 peccare
1204 1182 1284 1233 non
1300 1184 1383 1258 pos-

328 1282 426 1346 sunt.

212 1423 276 1454 uem
378 1387 414 1470 7.
442 1382 600 1463 Quodsi
621 1385 682 1482 jus
706 1384 887 1482 regnandi
911 1385 1047 1459 habeat
1074 1383 1177 1458 Deus
1195 1386 1244 1459 ab
1263 1387 1380 1460 omni-

114 1473 242 1520 obsdtantia
256 1477 304 1522 Deo

113 1540 243 1594 prestanda
256 1555 304 1600 pro

112 1603 190 1648 cedere
199 1605 227 1650 ab
237 1606 303 1650 imbe-

111 1666 200 1714 ciuitate
207 1669 312 1720 humana.

325 1497 491 1596 potentia
508 1521 586 1590 sua,
599 1497 835 1573 manifestum
853 1509 909 1573 est
925 1497 1196 1598 obligationem
1220 1496 1272 1573 ad
1288 1523 1379 1597 prae-

325 1612 496 1687 standum
532 1611 602 1710 ipsi
636 1610 884 1687 obedientiam
916 1612 1132 1687 incumbere
1165 1611 1377 1688 hominibus

321 1733 497 1826 propter*
514 1725 816 1801 imbecillitatem.
872 1724 1069 1826 obligatio
1096 1726 1195 1800 enim
1225 1751 1311 1823 quae
1336 1752 1377 1800 ex

320 1852 431 1936 pacto
449 1839 578 1931 oritur,
597 1836 643 1912 de
654 1863 727 1936 qua
740 1838 880 1913 dictum
897 1848 953 1913 est
970 1839 1092 1937 capite
1109 1838 1288 1931 secundo,
1306 1839 1375 1930 hic,

319 1954 384 2027 ubi
398 1956 459 2050 jus
469 1951 676 2051 imperandi
688 1951 790 2026 nullo
807 1951 1061 2026 intercedente
1073 1963 1185 2050 pacto
1205 1976 1228 2025 a
1246 1961 1377 2026 natura

321 2067 449 2158 oritur,
467 2067 591 2141 locum
601 2065 738 2141 babere
755 2090 831 2139 non
847 2075 984 2164 potest.
1030 2067 1125 2140 Sunt
1139 2075 1267 2140 autem
1284 2065 1361 2141 obl'

318 2179 490 2278 gationis
515 2179 706 2254 nataralia
733 2178 816 2255 duae
838 2180 999 2278 species:
1017 2181 1198 2276 ¹una‚ubi
1225 2181 1375 2254 libertas
1443 2255 1444 2272 ,

319 2293 592 2393 impedimentis
606 2293 972 2392 corporeistollitur3
995 2296 1104 2392 juxta
1114 2318 1229 2391 qnam
1242 2294 1374 2368 coelum

321 2417 359 2482 et
389 2417 526 2482 terram
561 2418 599 2482 et
629 2416 816 2483 creaturas
851 2431 978 2481 omnes
1011 2407 1271 2482 communibus
1301 2431 1374 2480 suae

321 2520 517 2596 creationis
542 2521 685 2618 legibus
702 2520 853 2596 obedire
871 2521 1050 2596 dicimus:
1077 2521 1207 2612 altera,
1221 2522 1287 2595 ubi
1304 2521 1372 2594 tol-

319 2634 407 2710 litur
424 2659 488 2732 spe
506 2645 544 2710 et
553 2647 656 2710 metu
671 2666 681 2722 ;
704 2635 814 2731 juxta
831 2657 942 2730 quam
958 2633 1139 2708 infirmior
1156 2634 1370 2732 potentiori,

316 2750 381 2824 cui
408 2750 578 2824 resistere
607 2772 646 2824 se
674 2772 784 2847 posse
814 2748 998 2845 desperat,
1033 2771 1109 2821 non
1129 2733 1266 2845 ¹potest
1296 2771 1370 2821 non

319 2863 480 2940 obedire.
532 2860 744 2938 Asecundo
771 2861 843 2935 hoc
861 2860 1096 2957 obligationis
1123 2884 1263 2958 genere
1288 2885 1370 2936 nm-

318 2976 516 3063 citur,th
535 2988 603 3067 eet,
633 2999 656 3050 a
684 2984 799 3065 metu,
818 2974 894 3048 sive
917 2973 1166 3048 imbecilitatis
1196 2977 1371 3072 propriae,

316 3101 489 3187 respectu
526 3089 661 3165 divinae
699 3088 888 3187 potentiae,
923 3087 1159 3180 conscientia,
1197 3088 1297 3186 quod
1330 3091 1368 3162 in

318 3197 434 3300 re'gno
451 3204 522 3279 Dei
538 3202 697 3278 naturali
714 3203 762 3277 ad
779 3200 1028 3276 obediendum
1040 3201 1120 3274 Deo
1139 3201 1366 3299 obligemur;

319 3316 482 3392 dictante
499 3317 640 3392 scilicet
660 3316 803 3393 ratione
821 3315 991 3390 omnibus
1014 3315 1085 3390 Dei
1100 3314 1308 3413 potentiam
1331 3326 1368 3388 et
1440 3377 1441 3388 ,

357 3529 745 3614 Proptcryimbecillitutrm.]
792 3530 824 3590 Si
842 3531 890 3588 cui
910 3529 1015 3588 durum
1036 3531 1092 3590 hoc
1109 3530 1268 3598 videbitur,
1287 3529 1367 3590 illum

316 3641 389 3700 rogo
402 3623 535 3706 uttaoita
548 3623 724 3700 cogitatione
737 3621 918 3682 considerare
928 3621 1005 3694 velit,
1019 3623 1043 3682 si
1057 3631 1152 3682 essent
1165 3623 1225 3682 duo
1239 3623 1366 3700 omnipo-

317 3723 418 3786 tentes,
439 3723 503 3774 uter
523 3715 579 3773 utri
600 3715 717 3774 obedire
738 3714 922 3791 obligaretur.
962 3714 1165 3786 Confitebitur,
1187 3715 1284 3786 credo,
1297 3733 1367 3774 nen·

317 3815 394 3866 trum
408 3808 503 3866 neutri
516 3807 647 3885 obligari.
686 3807 754 3866 Hoc
766 3808 790 3866 si
803 3825 906 3866 verum
919 3815 971 3880 est,
982 3828 1082 3868 verum
1097 3829 1217 3888 quoque
1232 3809 1365 3888 estquod
1439 3801 1440 3810 ¹

315 3899 409 3975 posui,
423 3899 552 3958 homines
566 3899 631 3958 ideo
651 3898 717 3958 Deo
737 3899 883 3978 subjectos
903 3921 972 3972 cese,
994 3903 1063 3979 quia
1076 3905 1288 3981 omnipotentes
1306 3922 1364 3960 non

316 3998 392 4048 sunt.
433 3990 550 4051 Etenim
572 3991 708 4052 Servatur
725 4001 822 4052 noster
843 3993 966 4052 Paulum
986 3995 1151 4066 admonens,
1174 3997 1225 4073 qui
1240 4014 1274 4054 eo
1293 4003 1364 4054 teni·

316 4101 387 4159 pore
400 4083 527 4142 ecclesia
541 4084 630 4142 bostis
639 4093 708 4154 erat,
723 4105 759 4144 ne
772 4093 872 4145 contra
884 4087 1030 4145 stimulum
1044 4087 1215 4158 calcitraret,
1229 4087 1364 4146 obedien-

317 4175 388 4231 tiam
400 4176 437 4232 ab
450 4176 499 4235 illo
513 4194 548 4234 eo
562 4178 676 4236 nomine
687 4178 801 4237 videtur
810 4179 947 4257 exegisse,
958 4180 1035 4258 quod
1045 4179 1080 4238 ad
1092 4180 1282 4240 resistendum
1294 4179 1363 4236 satis

318 4265 421 4322 virium
434 4284 492 4326 non
506 4267 632 4326 haberet.
