2828 4912
111 491 207 545 SEGT.
220 492 258 544 11.

114 569 258 674 ᾧ

101 707 199 756 Pulchra
208 723 263 770 qun.

304 275 371 346 102
696 295 751 349 mr
771 295 951 350 nourun.

298 458 364 533 sed
388 458 539 552 inutilis,
566 459 745 557 simulque
770 460 882 536 animi
907 461 1085 538 indicium
1108 485 1185 537 non
1202 487 1334 562 magna

298 574 478 648 conantis.

346 685 456 760 Artes
470 683 639 762 didicisse
656 687 702 762 ab
720 687 813 778 aliis,
829 686 869 762 id
886 699 952 779 est,
971 688 1119 764 doctum
1136 711 1229 778 esse,
1247 689 1332 764 utile

297 799 457 896 quidem,
484 797 549 874 sed
576 823 651 873 non
679 801 896 897 pulchrum
925 812 968 875 ut
997 801 1036 876 in
1062 824 1134 897 quo
1159 800 1254 875 nihil
1281 814 1332 877 est

296 911 496 1009 egregium.
527 911 624 986 Nam
641 913 749 1009 pauci
766 923 852 986 sunt
864 913 927 1010 qui
945 912 1068 987 doceri
1081 935 1155 987 non
1168 924 1331 1010 possunt.

346 1022 493 1114 Audere
510 1022 549 1098 in
566 1022 737 1120 periculis
754 1048 837 1099 cum
854 1047 911 1099 res
929 1024 1101 1122 postulat,
1118 1026 1331 1123 pulchrum:

296 1137 472 1236 quianon
492 1137 654 1234 migne.
708 1136 772 1212 Sin
797 1161 855 1212 res
878 1162 952 1212 non
976 1139 1149 1236 postulet,
1179 1139 1332 1214 stultitia

233 1291 235 1306 ·
296 1260 364 1341 est,
382 1248 422 1324 id
438 1260 506 1340 ert,
524 1262 643 1347 turpe.
678 1250 800 1348 Agere
816 1249 856 1324 in
873 1251 973 1325 omni
989 1250 1072 1326 loco
1089 1264 1332 1350 congruenter

295 1363 443 1462 ingenio
456 1373 494 1437 et
509 1362 738 1460 professioni,
751 1365 789 1438 in
801 1364 889 1439 viris
903 1365 1106 1463 conspicuis
1118 1365 1330 1462 pulchrum;

295 1487 339 1551 ut
351 1477 526 1551 indicium
539 1475 675 1574 ingenii
686 1476 803 1553 liberi.
825 1477 963 1553 Contra
972 1479 1105 1570 facere,
1119 1480 1157 1554 in
1171 1481 1331 1577 personis
1405 1547 1406 1556 ,

296 1591 501 1688 conspicuis
526 1600 634 1688 turpe
660 1601 717 1666 ert
742 1601 779 1666 et
804 1591 915 1666 animi
941 1592 1080 1668 servilis
1104 1604 1141 1668 et
1166 1593 1332 1668 habentis
1405 1623 1406 1638 ÷

295 1703 394 1800 quod
410 1714 532 1802 tegat:
550 1703 704 1802 pulchra
721 1715 845 1780 autem
861 1705 955 1803 tegit
970 1729 1091 1781 nemo.
1143 1707 1265 1781 Recta
1280 1731 1331 1782 re·
1405 1717 1406 1720 ’

294 1817 532 1914 prehendere,
559 1817 776 1914 ignorantiae
793 1817 951 1915 signum,
978 1830 1110 1916 turpe:
1137 1843 1226 1894 nam
1243 1821 1331 1894 scire

295 1941 352 2005 est
366 1954 485 2028 posse.
537 1932 690 2029 Insuper
716 1930 907 2008 convitiari
928 1933 1082 2030 turpius,
1110 1933 1257 2030 signum
1280 1933 1331 2007 in-
1404 1927 1406 1976 ³

296 2044 441 2119 eruditi.
484 2045 616 2120 Errare
630 2068 705 2120 non
718 2054 837 2143 turpe,
849 2044 934 2143 quia
947 2046 1115 2120 omnibus
1128 2069 1330 2121 commune.

298 2157 437 2255 Saepius
460 2181 593 2248 errare,
615 2159 759 2234 doctori
782 2169 910 2257 turpe:
938 2159 1025 2256 quia
1045 2170 1176 2235 contra
1195 2159 1331 2258 proles-

296 2294 447 2346 sionem.

346 2384 496 2460 Fiducia
523 2384 591 2476 sui,
618 2385 834 2482 pulchrum:
864 2407 996 2483 nempe
1024 2386 1170 2484 signum
1199 2373 1332 2461 conscii

294 2497 441 2574 virtutis
458 2522 544 2574 suae.
580 2499 800 2591 Ostentatio,
818 2499 957 2597 turpis:
978 2523 1066 2574 nam
1083 2499 1200 2574 oritur
1216 2500 1261 2573 ab
1277 2499 1330 2572 in-

294 2610 460 2708 digentia
474 2609 604 2686 laudis

344 2725 585 2822 Contemptus
613 2723 840 2816 divitiarum,
865 2747 941 2798 non
971 2723 1226 2814 maximarum,
1255 2721 1330 2821 pul-

293 2839 444 2913 chrum:
462 2837 637 2912 indicium
651 2836 748 2910 enim
766 2861 841 2911 non
858 2835 1056 2933 indigentis
1068 2859 1194 2933 parvo.
1219 2836 1330 2911 Amor
1403 2855 1404 2910 1

293 2951 470 3049 pecuniae,
486 2962 616 3048 turpe:
643 2949 788 3047 signum
806 2950 896 3045 ejus,
910 2947 973 3044 qui
989 2946 1038 3021 ad
1054 2947 1233 3044 quidlibet
1249 2947 1330 3021 duci

293 3074 415 3160 potest
431 3061 610 3138 mercede.
662 3063 852 3148 Praeterea,
871 3061 1016 3157 signum
1033 3071 1088 3135 est
1109 3060 1327 3158 indigentia,

295 3176 405 3250 etiam
421 3176 458 3250 in
476 3175 683 3249 hominibus
700 3173 916 3272 pecuniosis

344 3289 538 3386 Ignoscere
555 3287 699 3362 veniam
723 3287 875 3384 petenti,
893 3286 1109 3383 pulchrum
1136 3311 1223 3362 nam
1239 3285 1328 3360 indi·

294 3401 392 3476 cium
405 3400 549 3476 fiduoiae
562 3401 629 3475 sui.
658 3400 828 3475 Inimicos
840 3400 986 3497 placare
999 3398 1198 3492 beneficiis,
1213 3411 1326 3496 turpe.

293 3515 360 3591 Est
376 3514 474 3590 enim
496 3513 698 3612 redemptio
723 3513 790 3606 sui,
815 3537 879 3588 seu
895 3513 996 3612 pacis
1014 3512 1164 3611 emptio,
1189 3514 1328 3612 signum

214 3630 220 3644 '
293 3627 528 3726 indigentiae;
555 3627 675 3703 solent
700 3627 798 3702 enim
821 3627 988 3702 homines
1012 3649 1088 3702 non
1112 3650 1243 3718 emere,
1259 3623 1328 3698 nisi

294 3767 339 3818 ea
355 3741 486 3840 quibus
498 3739 676 3839 indigent.

86 3863 283 3926 summme
350 3865 405 3931 14.
433 3855 536 3929 Bona
549 3863 587 3929 et
602 3853 698 3928 mala
716 3852 747 3926 si
765 3863 1034 3948 comparentur,
1049 3853 1167 3950 majus
1181 3861 1244 3939 est,
1259 3873 1328 3924 οω-

294 3969 384 4044 teris
401 3968 561 4066 paribus,
579 3965 679 4066 quod
696 3975 752 4040 est
773 3965 991 4057 diuturnius,
1008 3975 1052 4040 ut
1076 3975 1198 4040 totum
1213 3973 1326 4062 parte.

343 4083 391 4156 Et
401 4080 510 4177 quod,
522 4079 662 4154 oaeteris
671 4079 832 4178 paribus,
843 4079 1107 4171 vehementius,
1119 4079 1167 4154 ob
1179 4075 1327 4154 eandem

294 4217 451 4270 causam.
502 4193 685 4270 Differunt
702 4193 800 4267 enim
817 4193 932 4291 magis
949 4205 987 4268 et
1011 4193 1133 4269 minus
1150 4204 1193 4268 ut
1213 4191 1326 4286 majus

293 4318 331 4382 et
347 4307 478 4382 minus.
