2912 4912
300 289 368 362 116
696 307 750 359 nu
768 307 950 360 nomina.

105 501 203 551 sacr.
219 502 257 553 ιι,
297 470 345 543 ob
361 472 501 546 nullam
517 472 626 547 aliam
643 499 803 566 causam,
822 500 933 572 quam
951 478 1051 572 quod
1067 478 1114 551 ab
1131 475 1348 552 hominibus

109 579 253 682 „AL
296 584 445 680 perfidis
478 598 692 683 perpetrata
723 589 864 685 flagitia
897 591 935 662 in
969 589 1039 663 illis
1066 590 1169 664 libris
1202 591 1350 664 laudari

294 697 433 788 vident,
451 698 625 773 nimirum
642 701 829 798 regicidia,
848 703 879 774 si
895 702 1006 776 modo
1022 726 1128 798 reges
1145 713 1350 799 antequam

296 813 469 888 occidant
486 824 665 910 tyrannos
682 826 827 889 vocent.
875 816 1014 888 Verum
1030 815 1221 911 ingenium
1241 816 1349 912 vulgi

296 927 546 1023 corrumpitur
570 927 691 1000 adhuc
722 930 840 1025 magis
865 953 889 1002 a
914 928 1073 1002 lectione
1100 927 1281 1002 librorum
1309 941 1349 1001 et

296 1039 484 1113 auditione
518 1040 816 1114 concionantium
851 1065 991 1131 eorum,
1028 1041 1091 1136 qni
1120 1064 1277 1137 regnum
1308 1042 1349 1114 in

296 1176 424 1248 regno,
452 1152 742 1226 ecclesiasticum
765 1154 804 1226 in
827 1154 927 1227 civili
950 1178 1029 1227 esse
1052 1154 1191 1228 volunt.
1247 1155 1349 1228 Hinc

296 1267 395 1340 enim
421 1290 489 1363 pro
518 1267 651 1340 Cassiis
679 1278 718 1340 et
746 1267 871 1340 Brutis
895 1267 1066 1340 oriuntur
1091 1266 1285 1340 Ravilliaci
1311 1277 1350 1339 et

297 1382 517 1470 Clementes,
532 1382 607 1478 qui,
622 1405 708 1454 cum
721 1405 828 1477 reges
842 1405 927 1454 suos
938 1380 1141 1454 occidendo
1152 1379 1349 1453 ambitioni

296 1494 515 1568 inservirent
532 1494 673 1583 alianae,
690 1494 771 1567 Deo
789 1517 828 1567 se
846 1495 982 1568 servire
999 1493 1287 1567 arbitrabantur.

108 1611 248 1658 valan.
350 1615 385 1680 8.
415 1606 579 1702 Ingenia,
609 1605 758 1703 quando
784 1605 1026 1679 assuescendo
1051 1605 1104 1678 ita
1128 1607 1351 1679 confirmata

105 1677 175 1720 versis
184 1676 281 1720 diversa.

299 1731 396 1810 sunt,
423 1731 466 1793 ut
491 1720 599 1793 facile
623 1744 693 1794 nec
717 1720 925 1793 reluctante
953 1719 1096 1793 ratione
1124 1743 1209 1793 suas
1237 1719 1351 1793 edant

298 1834 474 1923 actiones
497 1833 671 1907 dicuntur
697 1859 830 1908 morer.
883 1835 1009 1908 Mores
1037 1844 1173 1924 autem,
1202 1834 1235 1907 si
1261 1834 1350 1908 boni

297 1948 382 2037 sint,
400 1947 588 2030 virtutes;
606 1946 637 2020 si
653 1947 751 2037 mali,
769 1947 865 2019 vitia
882 1946 1125 2043 appellantur.
1162 1947 1349 2022 Quoniam

296 2070 421 2134 autem
438 2084 513 2133 non
532 2060 662 2134 eadem
681 2062 851 2134 omnibus
867 2062 967 2135 bona
985 2072 1022 2134 et
1034 2061 1133 2135 mala
1145 2071 1246 2150 sunt,
1261 2085 1349 2134 con-

298 2173 410 2270 tingit
420 2172 568 2245 eosdem
580 2197 701 2246 mores
713 2175 759 2246 ab
773 2173 830 2246 his
840 2173 984 2247 laudari
997 2176 1043 2249 ab
1057 2175 1128 2248 illis
1143 2175 1298 2271 culpari,
1312 2174 1350 2246 id

298 2297 367 2375 est,
379 2285 425 2359 ab
438 2285 657 2376 aliisbonos,
669 2288 715 2360 ab
729 2287 809 2360 aliis
823 2287 950 2374 malos,
963 2288 1010 2361 ab
1024 2287 1103 2361 aliis
1116 2287 1289 2376 virtutes,
1303 2288 1348 2359 ab

298 2399 379 2473 aliis
393 2398 484 2472 vitia
496 2398 683 2495 appellari.
716 2400 842 2474 Quare
854 2411 910 2488 ut,
929 2400 1030 2496 quod
1047 2399 1120 2473 dici
1137 2399 1245 2489 solet,
1262 2411 1350 2497 quot

299 2512 423 2609 capita
431 2523 490 2586 tot
502 2513 705 2602 sententiae‚
713 2513 766 2586 ita
776 2514 890 2586 etiam
901 2512 974 2586 dici
985 2525 1119 2610 potest,
1127 2526 1221 2609 quot
1230 2514 1350 2587 homi-

298 2648 365 2699 nes
379 2636 437 2699 tot
448 2624 594 2698 virtutis
607 2635 644 2698 et
654 2624 734 2698 vitii
747 2625 901 2699 diversae
914 2625 1062 2721 regulae.
1100 2627 1212 2701 Quod
1224 2637 1350 2700 tamen

300 2738 347 2812 de
363 2738 574 2812 hominibus
599 2748 750 2811 eatenus
773 2738 1053 2834 intelligendum
1075 2751 1143 2828 est,
1166 2751 1350 2835 quatenus

299 2851 466 2927 homines
489 2863 648 2941 tantum,
675 2877 751 2926 non
775 2852 887 2924 etiam
911 2866 1092 2948 quatenus
1121 2852 1237 2937 cives;
1265 2878 1350 2927 nam

301 2990 442 3054 eorum,
460 2965 524 3061 qui
540 2975 645 3038 extra
662 2965 849 3038 civitatem
866 2975 965 3054 sunt,
983 2966 1078 3038 alter
1097 2965 1250 3040 alterius
1269 2991 1350 3040 sen·

301 3079 457 3152 tentiam
473 3078 577 3173 sequi
594 3102 668 3152 non
683 3078 884 3174 obligatur;
903 3078 942 3151 in
959 3078 1109 3152 civitate
1125 3103 1215 3152 vero
1233 3080 1350 3176 pactis

301 3191 523 3287 obligantur.
566 3191 623 3263 Ex
640 3214 714 3285 quo
728 3191 947 3287 intelligitur
964 3192 1155 3265 scientiam
1173 3194 1349 3266 moralem
1447 3255 1448 3262 ,

301 3304 440 3378 nullam
463 3304 599 3377 habere
622 3328 729 3400 posse
754 3328 830 3394 eos,
849 3305 912 3401 qui
929 3306 1095 3379 homines
1112 3307 1351 3380 considerant

291 3441 368 3514 ,per
381 3441 419 3490 se
433 3427 470 3489 et
484 3417 589 3512 quasi
602 3428 707 3490 extra
720 3417 933 3491 societatem
947 3419 1104 3508 civilem,
1118 3432 1276 3516 propter
1288 3421 1351 3493 de-

300 3531 440 3604 fectum
462 3554 643 3604 mensurae
666 3541 789 3620 cenae,
809 3555 883 3627 qua
903 3532 1019 3605 virtus
1040 3543 1078 3605 et
1097 3532 1228 3606 vitium
1253 3534 1351 3607 aesti-

301 3644 394 3718 mari
412 3655 451 3716 et
467 3642 611 3716 definiri
628 3642 779 3740 possint.
815 3643 912 3716 Nam
931 3644 1094 3718 scientiae
1112 3669 1241 3718 omnes
1260 3647 1350 3720 inci-

300 3758 409 3854 piunt
426 3782 448 3830 a
466 3756 752 3845 definitionibus,
773 3780 844 3829 nec
867 3756 974 3830 aliter
996 3757 1158 3831 scientiae
1183 3757 1351 3834 dicendae

302 3882 399 3959 sunt,
417 3870 482 3943 sed
499 3892 685 3943 sermones
702 3869 806 3942 meri.

135 4003 244 4049 Mamur·
352 3995 388 4058 9.
408 3985 538 4080 Itaque
555 3983 626 4055 nisi
642 3983 682 4055 in
698 3983 776 4056 vita
793 3982 903 4070 civili,
921 3983 1101 4057 virtutum
1119 3994 1158 4056 et
1173 3985 1351 4060 vitiorum

134 4067 272 4114 ''ml“
303 4097 505 4172 communis
518 4119 690 4170 mensura
701 4120 777 4170 non
790 4097 997 4182 invenitun
1016 4120 1099 4193 quae
1116 4123 1291 4174 mensura
1303 4103 1351 4176 ob

302 4237 383 4285 eam
401 4235 548 4284 causam
566 4211 637 4283 alia
651 4234 729 4284 asse
743 4235 818 4282 non
831 4221 954 4307 potest
966 4224 1103 4307 praeter
1117 4213 1346 4311 uniuscujus·
1444 4179 1445 4267 i
