2912 4912
535 885 785 973 PRAEFAT
791 885 854 972 10

404 1185 506 1282 AD
555 1183 956 1284 LECTORES.

121 1722 221 1797 Qum
240 1744 299 1795 res
317 1732 496 1795 attentam
522 1720 719 1794 lectionem
736 1721 925 1819 promissae
938 1721 1080 1795 efficere
1095 1723 1253 1796 maxime

119 1893 222 1968 posse
239 1869 424 1960 videntur,
443 1869 495 1942 rei
514 1869 718 1944 tractandae
736 1870 896 1968 dignitas
909 1883 947 1945 et
969 1871 1121 1961 utilitas,
1139 1885 1255 1947 tract-

119 2019 204 2092 andi
232 2031 337 2093 recta
362 2020 569 2110 methodus,
588 2045 698 2094 causa
714 2033 751 2095 et
780 2023 973 2096 consilium
996 2023 1034 2096 in
1060 2023 1253 2098 scribendo

119 2171 286 2268 probum,
322 2169 512 2244 scribentis
543 2169 701 2266 denique
730 2171 947 2262 moderatio,
977 2197 1049 2262 eas,
1084 2171 1257 2264 lectores,

120 2319 221 2392 vobis
252 2316 442 2414 promitto,
472 2328 582 2413 atque
607 2317 722 2390 oculis
749 2317 979 2415 aliquatenus
997 2341 1041 2392 ex
1075 2317 1258 2394 hocloco

119 2465 394 2564 prospiciendas
412 2467 577 2541 exhibeo.
628 2467 898 2542 Describuntur
915 2469 985 2542 hoc
999 2467 1121 2542 libello
1137 2467 1258 2542 homi-

120 2641 207 2690 nnm
225 2617 356 2707 officia,
374 2619 493 2714 primo
510 2629 554 2692 ut
576 2617 779 2708 hominum,
798 2617 930 2694 deinde
947 2629 990 2694 ut
1006 2619 1153 2709 civium,
1171 2643 1259 2716 pos-

121 2779 239 2842 tremo
270 2779 314 2841 ut
348 2767 650 2844 Christianorum.
704 2769 847 2844 Quibus
882 2769 1010 2844 officiis
1048 2793 1133 2844 cum
1163 2769 1260 2866 juris

121 2917 298 2991 naturalis
312 2916 550 3014 gentiumque
567 2917 758 3006 elementa,
777 2915 1004 3013 justitiaque
1017 2915 1122 3012 origo
1139 2927 1178 2989 et
1190 2915 1257 3006 vis,

121 3077 200 3138 tum
228 3063 341 3138 etiam
370 3063 558 3162 religionis
581 3062 813 3154 Christiana,
832 3074 1011 3162 quantum
1036 3063 1176 3161 patitur
1201 3063 1259 3138 in-

121 3215 240 3292 stituti
256 3215 399 3306 modus,
417 3215 575 3289 essentia
597 3214 818 3290 continetur.

170 3363 285 3440 Quod
302 3363 449 3461 quidem
468 3363 646 3439 doctrinae
672 3387 801 3461 genus,
820 3375 974 3461 excepto
1001 3365 1100 3463 quod
1117 3375 1261 3462 spectat

121 3513 168 3588 ad
184 3512 401 3614 religionem
415 3513 675 3604 Christianam,
695 3513 900 3610 sapientum
922 3515 1167 3612 antiquissimi
1184 3539 1260 3588 non

121 3663 191 3737 nisi
214 3663 436 3739 carminibus
451 3664 679 3756 decoratum,
697 3663 756 3740 vel
782 3664 966 3762 allegoriis
988 3665 1259 3756 adumbratum,

122 3813 226 3910 quasi
261 3813 404 3910 imperii
434 3815 650 3912 mysterium
685 3814 871 3913 quoddam
904 3814 1192 3912 pulcherrimum
1223 3827 1262 3892 et

122 3977 407 4056 sacrosanctum,
425 3991 472 4042 ne
489 3967 718 4066 privatorum
736 3967 928 4040 hominum
949 3965 1260 4064 disputationibus

122 4117 445 4208 contaminaretur,
489 4118 647 4216 posteris
688 4117 908 4192 tradendum
951 4140 1029 4190 esse
1072 4141 1258 4192 censuere.

124 4265 333 4362 Philosophi
358 4265 500 4344 interea
525 4267 598 4358 alii,
617 4292 701 4343 cum
723 4265 868 4364 generis
885 4266 1036 4342 humani
1054 4269 1261 4360 commodo,
