2918 4912
294 261 366 326 260
699 277 931 330 rmmuuuu.

97 469 193 520 socr.
209 470 263 522 111.
293 441 441 515 miseria
458 442 506 514 sit
523 441 575 515 ita
592 442 757 517 cohiberi
767 469 815 518 ne
828 445 907 542 ipse
922 444 991 518 sibi
1008 453 1153 533 noceat,
1166 442 1346 531 civitam,

98 547 253 654 „L
295 580 406 651 quam
432 557 529 629 bello
551 557 610 630 vel
637 556 839 631 infortunio
856 559 915 632 vel
940 558 1090 630 demum
1120 557 1257 630 inertia
1280 579 1349 628 sua

294 669 477 759 amiserat,
500 693 575 742 una
602 695 687 742 cum
713 672 883 744 omnibus
910 672 1092 744 alimentis
1113 679 1151 742 et
1174 668 1348 742 omnibus

294 782 403 854 rebus
422 781 602 876 advitam
625 793 663 855 et
684 784 879 857 sanitatem
899 784 1113 858 necessariis
1132 806 1176 856 ea
1191 782 1276 878 lege
1289 806 1349 854 re-

295 895 417 992 cipere
435 905 477 967 ut
495 907 657 990 regatur.
711 896 786 972 Qui
813 897 913 969 enim
938 897 992 970 ita
1015 897 1210 970 cohibetur
1226 895 1349 991 poenis

293 1007 505 1106 propositis,
516 1032 563 1080 ne
577 1010 701 1082 omnia
712 1034 795 1105 quae
807 1013 887 1083 vult
896 1009 1020 1100 faciat,
1038 1034 1114 1083 non
1124 1009 1349 1106 opprimitur

294 1121 486 1211 seruitute,
506 1120 571 1193 sed
591 1122 734 1218 regitur
751 1135 789 1195 et
807 1133 1047 1196 sustentatur.
1099 1123 1184 1196 Hoc
1209 1132 1349 1210 autem,

295 1235 334 1307 in
356 1235 457 1308 omni
471 1235 622 1308 civitate
636 1248 674 1309 et
686 1235 836 1322 familia,
849 1238 914 1310 ubi
927 1237 1023 1310 servi
1037 1236 1233 1324 exsistunt,
1249 1235 1349 1307 cioca

297 1347 424 1436 liberi,
442 1358 481 1421 et
491 1348 577 1443 filii
597 1347 748 1421 omiliae
771 1373 849 1446 prae
866 1350 987 1422 servis
1002 1349 1178 1422 eximium
1194 1349 1348 1436 habent,

296 1474 390 1534 utet
403 1461 606 1535 ministeria
624 1462 782 1536 civitatis
798 1464 857 1537 vel
873 1462 1022 1536 familiae
1040 1463 1176 1536 obeant
1187 1463 1349 1535 honora-

296 1562 404 1652 tiora,
417 1575 454 1635 et
466 1563 549 1659 plus
559 1563 771 1659 possideant
782 1587 906 1636 rerum
916 1564 1196 1660 superfluam.
1224 1563 1348 1658 Atque

296 1677 336 1750 in
362 1677 434 1751 hoc
460 1676 531 1750 sita
555 1688 612 1750 est
630 1677 838 1751 differentia
864 1677 962 1750 inter
988 1677 1103 1750 aloem
1130 1676 1292 1749 liberum
1313 1685 1350 1748 et

297 1814 467 1874 servom
486 1790 588 1886 quod
602 1812 729 1863 arnan
748 1791 898 1886 quidem
915 1790 946 1863 is
961 1790 1019 1880 sit,
1031 1789 1095 1886 qui
1108 1789 1176 1862 soli
1194 1788 1350 1877 civitati,

299 1925 460 1978 suavos
480 1915 617 1993 autem,
636 1902 699 1998 qui
711 1904 823 1976 etiam
842 1903 987 1976 concivi
1004 1902 1128 1974 servit.
1180 1902 1351 1974 Libertas

297 2017 369 2090 alia
386 2017 506 2090 omnis
524 2016 684 2089 exemtio
695 2029 753 2090 est
770 2041 792 2090 a
808 2017 951 2113 legibus
964 2014 1137 2105 civitatis
1151 2024 1190 2089 et
1199 2015 1353 2112 propria

295 2129 569 2227 imperantium.

83 2258 285 2336 pomatium
353 2250 409 2316 10.
436 2241 742 2339 Paterfamilias,
769 2241 884 2314 liberi
904 2241 1078 2340 servique
1094 2243 1186 2338 eJ'uS,
1213 2240 1354 2314 virtute
1445 2285 1446 2306 ι

83 2337 285 2447 ffiffi'loi
298 2355 443 2453 imperii
458 2357 616 2452 paterni,
633 2356 673 2428 in
695 2378 808 2428 unam
834 2378 1031 2451 personam
1049 2354 1195 2427 civilem
1214 2355 1355 2444 coaliti,

82 2454 245 2498 mmm·
300 2491 477 2543 ramma
497 2469 645 2543 dicitur.
696 2469 849 2559 Eadem,
861 2468 891 2540 si
903 2467 1211 2564 multiplicatione
1222 2467 1355 2566 prolis

299 2595 337 2657 et
354 2607 543 2656 seruorum
567 2581 808 2679 acquisitione
825 2603 1021 2653 numerosa
1037 2581 1116 2670 fiat,
1133 2580 1188 2652 ita
1211 2589 1258 2654 ut
1276 2582 1355 2654 sine

297 2698 385 2772 belli
408 2697 551 2769 incerta
567 2695 647 2767 alea
665 2694 854 2790 subjugari
870 2717 945 2767 non
961 2693 1088 2789 possit,
1106 2693 1357 2790 appellabitur
1443 2777 1444 2780 Ἴ

300 2832 482 2884 noanon
519 2829 851 2881 pararnonmnu.
916 2806 1028 2882 Quod
1063 2831 1292 2904 quamquam
1319 2808 1356 2882 vi

300 2923 521 3020 acquisitum
540 2921 685 2994 differat
702 2946 726 2993 a
741 2919 959 2994 nwnarclria
977 2919 1192 2992 institutive
1210 2920 1356 3017 origine

300 3047 339 3110 et
366 3037 476 3109 modo
504 3034 765 3124 constituendi,
795 3034 1038 3108 constitutum
1067 3043 1194 3106 tamen
1224 3058 1355 3108 omnes

301 3150 447 3223 easdem
478 3150 591 3222 habet
618 3148 875 3246 proprietates,
903 3156 941 3219 et
957 3146 1057 3219 idem
1080 3158 1137 3220 est
1152 3149 1356 3246 utrobique

299 3262 445 3358 imperii
459 3263 530 3358 juS,
547 3273 591 3334 ut
608 3285 684 3335 non
701 3260 749 3333 sit
767 3284 860 3357 opus
872 3260 1053 3355 quidlibet
1071 3259 1116 3332 de
1134 3258 1179 3333 iis
1198 3264 1356 3336 seorsim
1441 3247 1442 3264 ³

302 3374 435 3448 dicere.

86 3514 287 3592 ouaesoaaqjufe
355 3498 411 3562 ll.
441 3488 524 3570 Quo
555 3488 639 3583 jure
666 3509 808 3558 summa
837 3485 992 3581 imperia
1021 3486 1227 3560 constituta
1257 3500 1355 3575 sunt,
1440 3471 1441 3498 ³

86 3593 288 3689 {22⁰ssssss
302 3603 444 3676 dictum
472 3611 549 3684 est;
576 3599 738 3672 breviter
762 3599 850 3695 jam,
873 3622 947 3694 quo
975 3599 1059 3694 jure
1077 3599 1354 3690 continuentur,

85 3706 242 3754 ¹⁰⁰¹¹m¹²⁸b⁶²
302 3716 499 3789 dicendum
517 3725 585 3786 est.
636 3714 703 3786 Jus
721 3722 846 3786 autem
867 3736 940 3808 quo
960 3712 1240 3803 continuantur,
1264 3715 1355 3788 illud

302 3840 358 3903 est
377 3827 477 3925 quod
494 3825 701 3923 appellatur
725 3826 785 3921 jus
805 3847 1112 3900 succussmous,
1166 3826 1354 3901 Quoniam

301 3955 426 4017 autem
460 3942 499 4013 in
535 3938 781 4027 democratia,
817 3961 1001 4010 summum
1034 3938 1230 4035 imperium
1256 3938 1354 4037 apud

296 4054 480 4154 populum
497 4063 564 4143 est,
583 4051 759 4149 quamdiu
777 4052 875 4125 cives
894 4052 1069 4140 existunt,
1082 4052 1226 4126 tamdiu
1242 4076 1352 4151 penes

302 4167 458 4244 eandem
475 4179 531 4243 est
547 4190 754 4264 personam.
807 4165 968 4264 Populus
986 4166 1084 4240 enim
1101 4189 1352 4241 succensorem
