2904 4912
312 233 386 304 384
739 251 925 306 antrum.

113 447 211 502 sacr.
226 452 280 504 111.
312 418 413 494 Quas
424 417 538 515 igitur
554 419 654 516 leges
672 418 898 511 Cnnrsrus,
911 443 987 494 non
1002 418 1081 516 ipse
1098 415 1243 500 sanxit3
1271 437 1357 488 nam

126 527 269 635 „L
311 533 569 606 auctoritatem
596 532 850 629 legislativum,
866 545 910 607 ut
933 557 1045 630 supra
1069 531 1228 606 articulo
1253 539 1357 602 sexto

98 668 290 748 ramosas
311 657 500 719 ostensum
518 657 586 737 est,
605 671 789 720 assumere
807 647 876 720 sibi
898 648 1037 730 noluit;
1065 644 1130 720 sed
1146 669 1216 741 pro
1234 653 1357 740 pater-

97 735 291 857 {fflss‚ilffffil,
309 758 367 831 nis
384 760 596 856 proposuit3
623 760 663 832 id
679 784 779 832 nunc
792 761 1030 856 inquiramus.
1083 759 1277 832 Habemus
1294 781 1358 828 au-

98 864 297 974 ffist‘m
309 882 385 945 tem
403 872 526 945 locum
546 873 749 969 Scripturas
765 872 914 964 (Matth.
929 873 1017 946 xxii.
1030 875 1159 966 37-40)
1171 870 1237 943 ubi
1252 869 1358 967 leges

308 983 385 1056 Dei
400 1001 518 1080 usque
535 985 582 1058 ari
599 984 639 1058 id
658 995 803 1082 tempus
823 986 993 1074 traditas,
1013 1009 1141 1060 omnes
1169 981 1359 1057 contrahit

309 1097 349 1170 in
376 1108 564 1194 praecepta
594 1098 690 1171 duo:
716 1097 874 1196 Diliges
893 1097 1090 1171 Dominum
1112 1097 1235 1170 Deam
1260 1105 1358 1168 tuam

312 1210 445 1284 intuto
464 1211 577 1284 corde
595 1221 670 1302 lav,
688 1221 727 1284 et
750 1211 788 1284 in
807 1221 888 1285 tota
906 1212 1030 1285 anima
1049 1222 1123 1285 tua·
1142 1219 1181 1283 et
1209 1207 1250 1282 ia
1279 1218 1358 1281 tota

311 1331 539 1396 mentetua:
566 1323 634 1396 hoe
660 1333 718 1396 est
740 1325 935 1396 maalmam
963 1334 1001 1397 et
1018 1324 1185 1421 primam
1202 1322 1359 1395 manda-

310 1446 395 1510 tam.
448 1435 655 1511 Secundum
672 1448 795 1512 autem
821 1436 944 1510 simile
968 1448 1026 1511 est
1055 1436 1168 1510 huie:
1199 1435 1359 1534 Diliget

302 1550 516 1648 proximam
550 1559 649 1622 tuum
682 1551 781 1624 sicat
815 1551 986 1648 teipsum.
1038 1550 1087 1624 Ia
1120 1550 1180 1623 Itis
1216 1548 1360 1622 duobus

309 1664 500 1738 mandatis
517 1663 692 1737 uniuersa
709 1664 772 1737 lex
782 1664 939 1762 pendet,
957 1673 995 1737 et
1010 1663 1225 1762 prophetae.
1280 1663 1359 1736 Ho·

310 1802 393 1850 rum
420 1777 568 1874 quidem
598 1777 759 1874 primum
790 1777 917 1850 datum
940 1787 1028 1850 ante
1053 1787 1110 1850 est
1134 1800 1203 1874 per
1225 1776 1359 1849 Mosen

310 1890 434 1983 (Dent.
462 1891 510 1964 vi.
541 1893 577 1984 5)
604 1891 759 1964 totidem
788 1890 921 1964 verbis
985 1890 1198 1964 Secundum
1233 1902 1358 1963 autem

310 2005 424 2077 etiam
440 2014 526 2078 ante
543 2003 698 2078 Mosen:
731 2013 787 2077 est
811 2004 909 2076 enim
925 2004 986 2078 lex
1002 2004 1193 2094 naturalis,
1211 2003 1358 2078 initium

310 2116 448 2190 habens
482 2141 568 2190 cum
600 2115 680 2212 ipsa
712 2126 847 2189 natura
878 2116 1062 2190 rationali.
1130 2118 1199 2191 Est
1234 2128 1360 2191 autem

309 2241 508 2326 utrumque
522 2229 630 2302 simul
648 2229 812 2304 omnium
822 2230 946 2326 legum
958 2254 1111 2304 summa.
1155 2231 1256 2304 Nam
1270 2255 1358 2305 con-

312 2343 477 2416 tinentur
494 2366 620 2415 omnes
645 2343 745 2438 leges
771 2342 890 2416 eultus
908 2343 1022 2416 divini
1039 2344 1219 2417 naturalis
1237 2346 1279 2418 in
1302 2345 1358 2418 his
1439 2335 1440 2417 l

312 2456 445 2544 verbis
460 2455 601 2553 diliges
614 2455 759 2544 Deam
785 2466 823 2528 et
837 2480 963 2530 omnes
978 2457 1078 2552 leges
1093 2457 1215 2532 cultus
1231 2458 1358 2547 divini,

313 2594 359 2643 ex
370 2579 489 2667 paeto
507 2568 626 2643 ueteri
643 2569 769 2660 debiti,
795 2570 894 2643 ineo
913 2571 1014 2666 quod
1040 2571 1187 2662 dieitur,
1215 2573 1359 2672 diliges

311 2682 431 2755 Deam
449 2692 559 2772 taum,
576 2681 647 2754 hoc
669 2695 736 2770 est,
762 2683 883 2756 Deam
901 2695 1081 2779 quatenus
1098 2708 1230 2783 regem
1246 2711 1359 2782 pecu·
1437 2771 1438 2780 ἵ

310 2795 452 2869 liariter
474 2795 675 2869 Abrahami
700 2808 739 2869 et
763 2797 912 2870 seminis
930 2799 1030 2893 ejus;
1057 2807 1094 2870 et
1111 2822 1240 2872 omnes
1257 2801 1358 2896 leges

310 2908 498 2982 naturales
521 2921 560 2981 et
585 2909 708 2983 civiles
741 2910 800 2982 his
825 2911 958 3001 verbis,
980 2911 1123 3009 diliges
1143 2913 1358 3009 proximam

312 3031 411 3094 tuam
444 3023 542 3095 sicut
572 3023 742 3120 talparum.
796 3025 893 3097 Nam
927 3025 990 3120 qui
1018 3025 1139 3122 diligit
1169 3027 1292 3100 Deum
1321 3039 1359 3100 et

310 3135 531 3232 proximum,
557 3137 717 3209 animum
745 3138 857 3210 habet
879 3138 1074 3213 obediendi
1098 3149 1135 3212 et
1159 3139 1293 3214 divinis
1320 3153 1358 3213 et
1435 3215 1436 3224 χ

311 3249 481 3322 humanis
507 3249 662 3344 legibus,
714 3250 882 3346 Amplius
907 3262 1032 3325 autem
1058 3275 1170 3346 quam
1192 3253 1359 3326 animum

170 3390 177 3408 ·
313 3362 521 3446 obediendi,
543 3363 642 3435 Deus
664 3363 756 3435 nihil
774 3363 900 3459 exigit.
953 3364 1143 3436 Habemus
1168 3364 1283 3438 alium
1304 3366 1359 3439 lo-

313 3500 409 3565 eum,
435 3475 500 3548 ubi
530 3475 740 3549 Cnn1srus
773 3475 880 3573 leges
910 3476 1201 3574 interpretatur,
1225 3503 1359 3575 nempe

313 3589 497 3686 quintum,
517 3600 671 3678 sextum,
690 3600 727 3662 et
745 3589 942 3686 septimum
967 3590 1086 3662 sancti
1110 3589 1280 3664 Matthaei
1296 3616 1359 3664 ca-

312 3703 392 3799 pita
414 3702 570 3798 integra.
622 3703 686 3776 Eae
702 3727 790 3776 vero
813 3702 912 3799 leges
937 3725 1063 3776 omnes
1085 3703 1281 3794 habentur,
1300 3704 1359 3777 vel

312 3817 351 3890 in
364 3815 578 3912 Deculogo,
589 3816 648 3888 vel
665 3815 704 3889 in
722 3815 808 3914 lege
825 3815 973 3904 morali,
986 3816 1044 3888 vel
1062 3816 1302 3890 continentur
1318 3818 1358 3889 in

299 3929 388 4024 fide
401 3928 615 4003 Abrahnmi
624 3957 638 4002 .·
656 3941 699 4002 ut
712 3929 923 4003 continetur
934 3929 974 4002 in
975 3928 1062 4023 fide
1072 3927 1285 4002 Abrahnmi
1295 3929 1359 4002 illa

313 4042 359 4115 de
377 4067 451 4116 non
468 4041 698 4139 repudianda
721 4065 849 4117 uxore.
902 4040 999 4114 Illud
1021 4041 1130 4130 enim,
1148 4052 1261 4114 eruat
1282 4041 1356 4114 duo

314 4156 353 4228 ia
381 4181 496 4229 carae
523 4181 609 4246 ana,
632 4181 753 4255 neque
780 4181 803 4229 a
830 4156 1014 4229 Cnursro
1038 4155 1169 4252 prim0‚
1193 4175 1312 4249 neque
1333 4175 1358 4224 a
