2912 4912
103 480 200 532 SECT.
217 481 254 532 11.

106 559 249 663 L

108 699 207 743 Nominis

106 777 172 820 opera
178 764 241 821 justa

106 832 197 886 paccata
207 832 265 872 sunt

296 267 363 334 122
651 331 654 340 ,
683 282 736 334 uu
756 247 939 334 nonruu.

290 448 529 522 resuscitatus
556 449 615 538 sit,
633 461 796 538 manant,
814 451 934 546 inquit
961 451 1160 547 apostolus,
1179 465 1339 548 peccata

290 571 430 637 nostra.

341 676 375 757 7.
404 675 497 748 Cum
515 699 603 772 ergo
621 676 738 772 pietas
764 686 909 750 constet
931 675 1015 766 fide,
1031 677 1176 773 justitia
1194 689 1232 754 et
1249 679 1336 754 cha-

290 787 424 871 ritate;
461 789 605 884 justitia
639 802 763 863 autem
802 800 840 864 et
878 789 1037 863 charitas
1071 791 1228 866 virtutes
1264 794 1336 868 sint

290 901 464 985 moralem
479 926 553 975 non
564 926 713 998 possum
725 903 769 976 iis
780 903 949 977 assentiri
961 905 1023 1000 qui
1035 929 1095 978 eas
1103 906 1336 1001 appellarunt

291 1013 483 1109 splendida
499 1025 662 1111 peccata.
716 1016 905 1112 Siquidem
919 1017 1018 1090 euim
1031 1030 1184 1114 peccata
1201 1029 1336 1106 essent,

292 1137 430 1222 quanto
448 1128 529 1223 quis
548 1128 689 1202 caeteris
705 1129 916 1203 hominibus
934 1131 1095 1204 sanctior
1110 1143 1217 1218 esset,
1229 1142 1335 1207 tauto

291 1239 344 1312 illi
358 1241 479 1315 miuus
493 1242 594 1316 credi
607 1242 768 1333 deberet,
783 1254 825 1317 ut
835 1243 956 1318 minus
966 1244 1079 1340 justo.
1109 1244 1211 1320 Quid
1223 1244 1337 1341 igitur

291 1364 358 1444 est,
378 1355 478 1451 quod
495 1355 574 1429 Deo
591 1356 630 1428 in
647 1355 690 1428 iis
708 1355 878 1453 displicet
892 1358 955 1453 qui
968 1358 1151 1454 justitiam
1168 1358 1335 1432 faciunt?

291 1467 470 1564 Displicet
485 1469 571 1558 fide,
598 1468 721 1560 idest,
740 1471 889 1566 pietatis
907 1471 1066 1544 maxima
1082 1483 1188 1568 parte
1207 1495 1337 1546 aaran·

292 1581 385 1654 tium
415 1582 610 1657 simulatio,
664 1584 760 1658 Nam
779 1585 847 1657 etsi
866 1608 977 1680 opera
995 1608 1123 1658 eorum
1150 1585 1337 1681 permulta

200 1747 204 1760 .
287 1695 387 1790 justa
399 1695 546 1785 fuerint,
564 1696 635 1791 ipsi
651 1706 787 1782 tamen,
801 1696 864 1792 qui
882 1721 994 1792 opera
1007 1698 1109 1793 justa
1126 1709 1164 1771 et
1178 1698 1337 1771 eleemo-

291 1831 399 1904 synas
418 1808 559 1882 faciunt
577 1809 624 1882 ad
642 1809 797 1905 gloriam
815 1821 959 1883 tantum
973 1811 1031 1884 vel
1045 1810 1093 1884 ad
1107 1834 1194 1907 opes
1213 1812 1338 1908 acqui-

290 1921 423 1996 rendae
435 1922 495 1995 vel
508 1921 555 1996 ad
566 1945 714 2018 poenam
726 1922 926 2012 vitandam,
939 1923 1067 2020 injusti
1081 1936 1178 1997 sunt.
1207 1925 1337 2020 Itaque

292 2033 472 2107 sacrificia
489 2034 615 2129 populi
632 2034 689 2107 sui
706 2034 825 2108 odisse
837 2035 972 2109 dicitur
985 2036 1098 2127 Deus,
1110 2061 1193 2133 quaa
1211 2047 1337 2112 tamen

292 2171 377 2220 cum
395 2171 416 2219 a
434 2146 513 2219 Deo
537 2147 640 2242 jussa
657 2146 806 2237 fuerint,
823 2161 977 2243 peccata
1001 2173 1078 2222 esse
1105 2173 1181 2222 non
1206 2164 1337 2246 potue·

291 2271 390 2334 runt.
444 2260 517 2333 Sed
552 2261 643 2349 Deo,
672 2261 766 2334 sieut
793 2285 904 2357 opera
928 2264 1028 2359 justa
1059 2262 1137 2336 sine
1168 2263 1255 2352 fide,
1287 2265 1338 2338 ita

291 2373 401 2446 etiam
421 2373 641 2448 sacrificium
668 2386 705 2447 et
732 2374 852 2448 cultus
879 2375 997 2449 omnis
1024 2376 1102 2450 sine
1126 2378 1274 2472 justitia
1301 2388 1339 2452 et

293 2486 471 2562 charitate
489 2485 713 2560 abominatio
732 2497 798 2560 est.

343 2608 377 2674 8.
405 2599 535 2674 Colere
564 2599 712 2695 proprie
748 2599 905 2673 dicimur
935 2600 1028 2674 illud
1058 2602 1236 2699 quioquid
1271 2616 1338 2692 est,

292 2713 391 2808 quod
409 2712 535 2786 officiis
554 2722 592 2786 et
608 2713 732 2786 labore
750 2714 940 2788 studemus
958 2715 1064 2789 nobis
1082 2716 1204 2790 facere
1222 2741 1339 2814 quan-

291 2837 371 2901 tum
387 2851 580 2923 possumus
605 2829 822 2902 beneficum.
876 2829 936 2902 Sic
953 2839 1091 2903 terram
1108 2829 1276 2920 colimus,
1296 2843 1339 2904 ut

291 2939 448 3014 feracior
473 2939 579 3014 nobis
603 2939 675 3022 sit;
702 2939 869 3017 homines
886 2951 1058 3036 potentes
1088 2943 1245 3016 colimus
1272 2967 1339 3039 po-

292 3052 419 3126 tentiae
444 3051 503 3126 vel
518 3051 679 3148 praesidii
696 3052 849 3148 alicujus
875 3054 993 3126 nostri
1011 3079 1143 3140 oausa;
1171 3056 1225 3130 sio
1245 3080 1335 3151 quo·

292 3189 362 3260 que
392 3165 512 3240 Deum
539 3166 702 3254 colimus,
724 3176 768 3238 ut
794 3187 880 3248 eum
907 3166 1107 3242 habeamus
1133 3169 1338 3266 propitium

290 3279 408 3352 nobis.
450 3280 515 3352 Est
533 3303 620 3374 ergo
636 3278 755 3352 cultus
774 3278 917 3352 divinus
935 3279 1015 3354 illas
1033 3281 1196 3354 actiones
1215 3307 1337 3379 agere,

292 3415 374 3487 quae
391 3391 538 3488 pietatis
556 3415 644 3487 erga
661 3391 781 3465 Deum
795 3391 901 3488 signa
919 3403 1016 3466 sunt.
1051 3393 1121 3468 Hae
1140 3395 1240 3468 enim
1259 3397 1339 3470 Deo

290 3515 407 3600 gratae
420 3517 518 3594 sunt,
537 3505 647 3578 ethis
665 3505 752 3579 solis
765 3505 946 3602 propitius
964 3509 1070 3582 uobis
1084 3509 1190 3583 reddi
1201 3521 1337 3606 potest.

292 3619 387 3691 Sunt
414 3630 535 3692 autem
564 3618 727 3693 actiones
750 3618 824 3693 illae
849 3619 1018 3715 ejusdem
1036 3621 1255 3719 plerumque
1277 3649 1339 3722 ge·

290 3731 388 3804 ueris
419 3755 503 3804 oum
534 3732 605 3806 illis
632 3731 851 3820 actionibuS,
881 3755 971 3828 quas
1002 3734 1157 3808 facimus
1188 3739 1337 3834 quando

290 3845 443 3920 colimus
460 3845 639 3934 homines,
651 3845 716 3919 sed
729 3846 768 3920 in
779 3869 1002 3942 unoquoque
1014 3872 1149 3944 genere
1164 3851 1337 3947 optimae;

290 3981 376 4030 nam
402 3957 506 4054 signa
532 3958 604 4034 alia
625 3958 773 4054 pietatis
800 3959 1019 4036 naturaliter
1046 3963 1242 4040 ostendere
1262 3990 1337 4040 non

289 4094 495 4167 possumus.
529 4071 704 4146 Cultuum
718 4082 842 4146 autem
860 4071 952 4148 alius
967 4085 1022 4148 est
1032 4076 1227 4173 privatas,
1245 4080 1336 4154 alius

288 4183 476 4282 publicar.
529 4185 695 4258 Privatus
726 4195 793 4275 est,
827 4209 935 4282 quem
968 4188 1142 4264 exhibent
1170 4192 1336 4268 homines
