2848 4908
161 321 218 376 un
238 319 385 376 enuere
406 317 633 373 crvmnrun
652 315 1027 370 uresonvnsmnns.
1055 303 1128 370 289

83 491 192 588 gibus
211 487 390 564 obstricta
415 485 475 578 sit,
492 509 567 560 non
597 485 685 559 eatis
715 483 922 582 argumenti
945 497 1013 575 est,
1029 481 1127 580 quod
1156 517 1253 570 ηυγ,
1274 519 1326 572 nr.

83 603 180 679 aetio
207 601 300 700 legis
326 611 513 699 competat
539 597 608 674 eivi
634 597 809 673 adversus
835 595 1032 672 civitatem.
1084 595 1127 672 ln
1170 595 1314 702 „L

82 715 322 805 eontrarium,
343 725 448 812 putet
464 711 650 788 civitatem
668 709 742 786 suis
759 711 874 808 ipsius
890 709 1032 807 legibus
1054 733 1129 784 non

81 829 214 920 teneri,
239 827 326 926 qnia
351 851 460 902 nemo
489 825 674 924 obligatur
695 825 776 900 sibi.
828 825 1019 899 Ponuntur
1042 847 1131 921 ergo

81 945 183 1039 leges
207 941 309 1016 Titio
328 951 368 1016 et
387 939 494 1038 etp,
512 963 586 1014 non
615 937 780 1013 civitati:
806 949 995 1034 uteunque
1014 937 1130 1010 ambi-

81 1057 183 1131 tione
201 1051 546 1153 juriseonsultorum
570 1051 709 1127 foetum
731 1051 791 1142 sit,
805 1063 848 1125 ut
867 1049 967 1148 leges
986 1073 1062 1125 non
1083 1049 1131 1124 ab

80 1167 309 1244 authoritate
335 1165 506 1258 enitatis,
524 1165 589 1242 sed
617 1167 665 1242 ab
690 1189 818 1242 eorum
844 1165 1045 1264 prudentia
1069 1165 1130 1242 de

79 1281 256 1380 pendere,
274 1279 452 1379 imperitis
468 1279 674 1356 videantur.

132 1403 167 1470 5.
195 1393 348 1484 Quinta,
367 1393 563 1492 imperium
579 1417 751 1467 summam
768 1393 889 1468 dividi
909 1415 1038 1493 pomo,
1056 1393 1132 1467 exi-
1145 1409 1265 1468 lautum

79 1505 501 1582 riosissimaoivimtibus
515 1504 762 1581 romanaet.
798 1505 873 1581 mn
886 1487 1284 1598 namnam-'a

80 1619 265 1696 dividunt.
317 1621 413 1696 Sunt
431 1619 528 1694 enim
548 1619 610 1718 qui
624 1619 676 1694 ita
694 1619 876 1710 dividunt,
888 1631 931 1695 ut
948 1645 1130 1694 summum
1142 1605 1327 1664 mmm

80 1733 277 1832 imperium
295 1732 333 1807 in
352 1731 396 1807 iis
420 1733 543 1824 rebus,
562 1755 644 1830 quae
665 1731 712 1806 ad
735 1757 863 1830 paoem
883 1745 921 1808 et
937 1732 1131 1809 commoda

79 1847 193 1945 hujus
209 1845 298 1921 ritae
314 1845 514 1944 pertinent,
531 1845 706 1944 potestati
725 1845 822 1921 civili
840 1847 1067 1933 concedant3
1090 1847 1128 1922 in

79 1961 241 2052 iissem,
260 1983 343 2058 quae
370 1959 418 2034 ad
441 1958 597 2034 salutem
624 1959 757 2034 animae
777 1972 957 2058 spectant,
983 1959 1021 2034 in
1039 1959 1129 2034 alios

77 2073 318 2148 transferant,
370 2073 564 2170 Contingit
580 2085 716 2163 autem,
734 2073 820 2172 quia
842 2071 989 2172 justitia
1006 2071 1053 2147 ad
1071 2095 1113 2148 sa

79 2189 197 2262 tutem
225 2185 384 2260 maxime
410 2185 574 2260 omnium
605 2209 728 2262 rerum
758 2187 965 2262 necessaria
992 2197 1118 2279 estut

77 2301 179 2375 eires
209 2297 390 2399 justitiam
422 2297 628 2389 metientes,
656 2319 730 2382 non
761 2299 857 2374 sieut
886 2299 1033 2390 debent,
1061 2323 1129 2398 per

80 2415 180 2512 leges
209 2411 347 2504 eiriles,
365 2413 429 2487 sed
457 2435 523 2510 per
549 2411 724 2487 mandata
740 2424 778 2488 et
796 2413 982 2488 doetrinae
999 2437 1127 2489 eorum

79 2527 142 2624 qui
174 2537 345 2624 respectu
369 2525 528 2600 eivimtis
547 2525 602 2600 vel
625 2525 759 2623 privati
787 2539 873 2601 sunt
890 2525 946 2602 vel
973 2529 1127 2618 extenti,

80 2641 338 2739 superstitioso
350 2651 452 2714 metu
466 2638 711 2714 obedientiam
724 2639 951 2738 principibus
966 2638 1124 2714 debitam

80 2767 257 2850 praestare
280 2753 424 2840 nolint;
450 2753 531 2850 ipso
561 2765 661 2827 metu
688 2753 726 2827 in
753 2751 803 2844 id,
819 2753 917 2850 quod
944 2765 1124 2842 metuunt,

81 2867 297 2943 incidentes
351 2865 451 2944 Quid
477 2877 599 2940 autem
627 2867 867 2964 perniciosius
890 2865 1029 2940 civitati
1048 2889 1125 2939 esse

80 2991 215 3076 potest,
226 3002 336 3078 quam
347 2989 390 3054 ut
409 2979 575 3054 homines
592 3003 639 3054 ne
655 2981 895 3078 principibus,
908 2981 979 3054 hoo
997 2991 1065 3069 est,
1079 3004 1126 3055 ne

81 3093 223 3190 legibus
240 3092 429 3182 obediant,
443 3115 519 3182 seu,
536 3117 583 3167 ne
593 3093 683 3192 justi
701 3093 787 3184 sint,
804 3107 1024 3168 aeternonrm
1043 3117 1121 3168 eru-

80 3207 242 3281 ciatuum
267 3205 513 3281 intentatione
530 3205 804 3281 deterreantur?
824 3209 919 3282 Sunt
936 3207 1047 3282 etiam
1062 3207 1124 3305 qui

81 3343 263 3394 summum
275 3317 469 3416 imperinm
480 3319 535 3394 ita
545 3319 780 3410 dividuntur
795 3331 1015 3418 potestatem
1026 3345 1124 3396 sum-

81 3455 178 3506 mam
188 3432 276 3508 belli
291 3446 329 3507 et
338 3431 440 3529 pacis
450 3431 527 3524 uni,
540 3457 647 3531 quem
659 3433 896 3520 menorellam
908 3433 1124 3525 vocont‚sed

81 3545 274 3642 pecuniam
293 3545 497 3644 imperandi
517 3548 579 3645 jus
596 3571 670 3621 non
689 3547 755 3637 illi,
769 3547 834 3622 sed
847 3547 927 3622 aliis
944 3549 1122 3621 tribuunt.

82 3657 267 3734 Quoniam
282 3669 407 3734 autem
419 3671 456 3734 et
466 3659 551 3734 belli
565 3671 604 3734 et
614 3659 715 3757 pacis
726 3661 828 3734 nervi
842 3673 928 3735 sunt
945 3659 1123 3758 pecuniae,

81 3771 145 3866 qui
169 3771 220 3846 sio
240 3769 423 3862 dividunt,
445 3785 510 3847 aut
532 3797 606 3848 non
631 3795 707 3847 rem
726 3773 841 3872 ipsam
860 3771 1040 3862 dividunt,
1058 3773 1122 3846 sed

81 3885 273 3982 imperium
288 3883 435 3982 quidem
453 3886 524 3961 illis
538 3885 640 3978 dant,
651 3885 688 3960 in
705 3910 859 3984 quorum
871 3897 1051 3983 potestate
1066 3895 1123 3958 est

81 3999 480 4094 pemnia‚n0menvero
490 3999 615 4084 altem
627 3999 733 4092 vel,si
748 3999 1120 4088 dividunt‚eivitatem

82 4111 297 4186 dissolvunt.
330 4109 461 4210 Neque
485 4113 582 4187 enim
603 4111 752 4202 bellum,
770 4113 800 4186 si
825 4137 916 4209 opus
939 4123 1007 4201 est,
1029 4111 1119 4208 geri,

82 4245 197 4320 neque
210 4247 280 4322 pax
291 4223 527 4322 publieasine
544 4225 699 4324 petunia
712 4225 919 4300 conservari
938 4235 1068 4322 potest.

181 4359 272 4414 von.
295 4359 340 4412 n.
992 4361 1018 4414 n
