2904 4916
297 279 368 344 344
723 294 909 346 nnnroro.

100 491 198 542 sacr,
213 491 265 544 111,
295 459 477 556 provenit,
502 471 749 557 praeterquam
773 460 873 556 quod
900 459 950 534 ad
969 458 1161 534 modulum
1185 482 1341 556 concep-

111 570 255 674 ᾧ
296 574 439 647 tionum
457 583 667 648 nostrarum
684 573 836 647 nomina
853 572 987 647 divina
1000 572 1188 668 majestati
1205 584 1343 646 temere

84 709 195 786 Quanam
209 709 255 785 ant
295 686 538 783 imponamus.
583 686 758 782 Sequitur
775 709 933 783 quoque,
949 686 1048 784 quod
1065 685 1202 759 attinet
1218 686 1343 782 adjus

84 776 402 896 fflffiblssrcgni
428 799 509 889 Dei,
540 799 849 873 inconsideratam
879 809 917 873 ct
950 799 1187 872 temerariam
1215 799 1345 895 loquu-

83 903 220 948 ¹¹⁸l¹¹²¹³¹⁰l
295 914 437 988 tionem
462 937 541 987 csse
567 937 696 987 eorum
721 913 786 1010 qui
811 913 951 1003 dicunt,
977 912 1048 986 hoc
1072 913 1132 985 vel
1157 910 1344 984 illustrior

296 1027 504 1101 consistere
522 1027 771 1122 cumjustitia
794 1026 935 1100 diuina.
988 1025 1087 1099 Nam
1112 1036 1151 1099 et
1175 1024 1345 1098 homines

297 1139 529 1214 contumeliae
547 1139 700 1230 ducunt,
718 1140 750 1213 si
765 1138 831 1213 filii
849 1139 905 1212 sui
918 1140 979 1235 jus
996 1161 1124 1212 eorum
1143 1139 1344 1234 disputent,

296 1264 362 1326 aut
375 1251 559 1350 justitiam
575 1252 687 1332 aliter·
701 1276 812 1348 quam
835 1251 1023 1347 imperatis
1040 1253 1115 1325 suis
1133 1252 1343 1325 metiantur.

349 1366 476 1454 Sexta,
495 1365 535 1438 in
549 1365 752 1462 precibus,
763 1366 984 1462 gratiarum
1002 1363 1212 1454 unionibus,
1226 1364 1347 1437 sacri-

284 1477 470 1575 ficiisque
488 1476 676 1575 quidquid
691 1476 901 1566 arbitretur,
921 1486 1099 1574 oportere
1116 1502 1201 1549 asse
1218 1477 1260 1548 in
1281 1502 1345 1549 suo

294 1615 437 1689 genere
457 1591 644 1687 optimum,
663 1599 702 1661 et
718 1589 872 1662 honoris
889 1589 1211 1686 significativam
1238 1591 1345 1663 nimi-

297 1728 392 1792 rum,
422 1704 629 1775 orationem
647 1727 818 1776 essenon
844 1702 1015 1794 subitam,
1041 1716 1106 1777 aut
1132 1703 1267 1792 levem,
1284 1715 1346 1777 aut

297 1816 490 1914 plebeiam,
506 1815 571 1888 scd
583 1815 776 1911 pulchram
790 1827 828 1889 et
840 1817 936 1889 benc
950 1817 1207 1912 compositam.
1251 1818 1345 1890 Nam

298 1931 367 2003 etsi
391 1929 593 2003 absurdum
618 1940 709 2020 erat,
729 1930 830 2025 quod
853 1930 992 2004 ethnici
1018 1931 1139 2003 Deum
1162 1932 1234 2005 sub
1257 1933 1346 2005 ima

297 2045 383 2140 gine
409 2044 586 2133 colerent,
608 2067 683 2115 non
710 2054 835 2117 tamen
856 2069 879 2117 a
899 2044 1042 2117 ratione
1068 2044 1232 2117 alienum
1257 2056 1345 2135 erat,

268 2156 399 2253 ¹quod
433 2157 655 2230 carminibus
689 2172 727 2230 et
761 2157 902 2230 musica
931 2157 970 2229 in
1000 2158 1113 2230 sacris
1141 2167 1344 2231 uterentrn.

299 2271 406 2360 Item,
428 2269 601 2342 uictimas
612 2269 813 2367 pulchras,
832 2279 869 2342 et
886 2270 1051 2342 donaria
1074 2270 1296 2368 magnifica,
1310 2283 1346 2343 et

299 2408 380 2480 qua
409 2390 589 2480 aguntur,
618 2381 678 2455 uel
711 2382 972 2454 submissionis
1002 2381 1063 2454 uel
1088 2383 1347 2480 gratitudinis

298 2495 571 2592 significativa,
588 2493 649 2567 uei
673 2494 932 2589 beneficiorum
957 2506 1200 2592 accepturum
1218 2523 1345 2570 marna-

297 2609 425 2682 ratiaa
439 2632 548 2692 esse‚·
574 2608 973 2706 proficiscunturcnim
988 2609 1070 2682 haec
1087 2610 1213 2684 omnia
1231 2635 1255 2683 a
1271 2623 1347 2684 stu-

299 2723 360 2795 dio
377 2721 597 2795 honorandi.

350 2836 528 2932 Septima,
544 2834 666 2906 Deum
684 2859 755 2907 non
770 2833 1062 2925 salvamterram,
1077 2836 1148 2908 sed
1157 2835 1295 2932 palam
1310 2845 1348 2910 ct

293 2949 451 3049 publice
469 2949 507 3022 in
527 2958 729 3046 conspecta
747 2947 929 3021 homiuum
942 2947 1018 3022 coli
1036 2959 1226 3047 oportere.
1263 2951 1347 3023 Ete-

298 3063 376 3136 nim
394 3063 515 3135 cultus
530 3085 574 3134 eo
591 3061 750 3134 maxime
767 3061 899 3157 placet,
917 3071 961 3135 ut
983 3062 1124 3134 dictum
1146 3071 1203 3135 est
1226 3086 1347 3158 supra,

299 3175 454 3248 articulo
487 3173 629 3248 decimo
660 3173 783 3262 tertia,
814 3173 914 3269 quod
940 3174 1071 3271 gignat
1097 3174 1281 3259 honorem
1310 3175 1348 3246 in

299 3288 392 3361 aliis.
443 3287 527 3360 Nisi
551 3312 640 3384 ergo
661 3287 724 3360 alii
739 3286 901 3378 videant,
921 3288 1021 3383 quod
1037 3287 1077 3359 in
1094 3287 1198 3361 cultu
1215 3289 1348 3384 gratis-

299 3401 433 3475 simum
449 3412 517 3489 est,
535 3401 643 3498 perit.
696 3399 897 3491 Postremo,
915 3409 1204 3472 summoconatu
1221 3400 1348 3475 obser-

298 3515 445 3588 vandas
479 3539 561 3586 esse
595 3513 703 3612 leges
738 3512 947 3586 naturales.
1009 3512 1159 3587 Etenim
1198 3513 1349 3588 Domini

297 3628 493 3726 imperium
510 3627 614 3724 parvi
638 3626 810 3723 pendere,
830 3635 981 3722 superat
1003 3649 1130 3699 omnes
1152 3626 1243 3700 alias
1261 3651 1347 3700 con-

298 3742 491 3826 tumelias;
521 3740 617 3812 sicut
642 3749 681 3813 et
704 3762 724 3811 e
748 3739 948 3830 contrario,
967 3739 1138 3814 omnibus
1160 3739 1349 3814 sacrificiis

299 3853 485 3949 acceptior
502 3864 559 3926 cst
576 3851 796 3925 obedientia.
1090 3925 1093 3934 ,

350 3967 473 4063 Atque
499 3966 559 4040 hae
586 3975 672 4038 sunt
693 3965 818 4062 legum
839 3963 1062 4037 naturalium
1086 3964 1186 4038 circa
1207 3966 1348 4039 cultum

300 4079 372 4152 Dei
400 4079 609 4175 praecipuae,
637 4101 775 4166 earum,
802 4077 966 4172 inquam,
992 4101 1082 4173 quas
1108 4077 1225 4151 dictat
1252 4079 1348 4152 ratio

299 4192 508 4266 hominibus
527 4190 690 4287 singulis.
742 4190 845 4264 Totis
870 4200 996 4264 autem
1019 4189 1240 4279 civitatibus,
1259 4217 1348 4290 qua-
