2918 4912
288 257 356 322 186
699 273 910 326 urunaras.
934 259 937 264 ’

90 468 187 520 sacr,
206 470 258 522 111,
283 459 362 510 esse
377 448 496 533 putet,
518 463 629 534 quam
652 439 740 514 fidei
768 441 843 514 sive
858 453 1053 538 pactorum
1070 435 1327 528 violationem

98 547 242 651 *ξύ
281 560 394 645 prout
407 574 518 646 supra
535 552 728 626 definitum
745 565 811 629 est.

85 685 203 765 vatnam
234 751 240 764 .
334 669 367 737 7.
394 665 510 739 Vetus
528 678 595 755 est,
609 666 748 739 volenti
760 691 831 740 ooo
842 669 898 762 fit
916 667 1071 764 injurio.
1122 668 1328 742 Veritatem

85 750 261 812 ”mmm'um'
282 785 407 850 tamen
433 778 523 851 dicti
549 778 659 852 liceat
692 803 738 852 ex
767 780 958 877 principiis
984 780 1119 853 nostris
1146 780 1327 854 derivare.

283 889 436 962 Factum
454 890 552 963 enim
575 891 623 965 sit
645 891 695 978 id,
715 891 814 988 quod
832 892 912 988 quis
929 893 1104 989 injurium
1121 894 1190 967 sibi
1207 906 1331 990 putet,

281 1002 444 1076 volenti:
471 1027 571 1100 ergo,
601 1005 747 1078 volente
765 1028 821 1095 eo,
847 1006 891 1078 fit
908 1005 947 1078 id
972 1006 1073 1101 quod
1089 1030 1156 1102 per
1173 1019 1328 1103 pactum

282 1141 358 1188 non
370 1116 486 1189 licuit.
538 1118 611 1192 Sed
625 1118 770 1191 volente
788 1142 831 1191 eo
844 1119 923 1191 fieri
940 1119 990 1206 id,
1005 1119 1102 1216 quod
1113 1129 1236 1216 poeto
1249 1145 1328 1194 non

281 1229 426 1318 licebat,
444 1239 601 1327 poetam
630 1231 751 1327 ipsam
778 1232 859 1328 (per
886 1233 1083 1306 articulum
1115 1242 1171 1322 15,
1196 1233 1329 1329 capitis

281 1343 537 1438 praecedentis)
558 1346 602 1417 fit
630 1344 798 1430 irritum3
815 1348 884 1442 jas
909 1370 997 1442 ergo
1022 1346 1181 1420 faciendi
1206 1347 1327 1430 redit;

282 1457 325 1530 fit
342 1457 456 1553 igitur
463 1459 584 1552 jum
611 1482 723 1553 quare
741 1458 884 1553 injurio
901 1483 978 1532 non
996 1471 1063 1533 est.

157 1600 187 1632 ιιι
220 1653 225 1663 ,
334 1579 368 1645 8.
395 1573 503 1668 Legis
531 1572 708 1644 naturalis
738 1583 966 1668 praeoeptum
1000 1573 1152 1646 tertium
1186 1585 1258 1662 est,
1281 1598 1328 1646 ne

197 1666 250 1696 ω
282 1710 374 1776 eam,
392 1685 615 1784 qaifidooio
634 1685 689 1757 tui
707 1684 778 1758 tibi
790 1685 905 1781 prior
924 1685 1165 1782 berrafeoerit,
1179 1711 1262 1758 eam
1281 1685 1328 1758 od

281 1823 362 1872 rem
396 1798 587 1871 deteriore
613 1797 825 1871 conditione
852 1821 936 1870 esse
955 1799 1145 1895 potioris,
1173 1799 1251 1874 sive
1281 1823 1328 1871 ne

283 1912 452 2009 αοοὶρὶαί
470 1911 666 2008 quisquam
685 1910 910 2004 beneficium,
937 1911 1012 1984 nisi
1038 1910 1160 1984 animo
1178 1912 1327 1986 nitendi

283 2050 329 2098 ne
355 2025 505 2097 dantem
534 2023 619 2096 doti
646 2021 779 2096 merito
801 2023 1004 2120 poeaiteot.
1057 2024 1155 2096 Nam
1185 2025 1326 2122 absque

282 2137 364 2226 hoc,
383 2146 513 2210 contra
537 2137 717 2210 rationem
742 2136 884 2226 feeerit,
903 2138 932 2209 si
956 2137 1050 2232 quio,
1070 2137 1170 2234 quod
1186 2140 1327 2234 peritu-

282 2274 365 2323 rum
390 2250 493 2323 videt
516 2250 745 2339 beneficium,
762 2249 866 2346 prior
895 2251 1115 2335 contulerit;
1141 2261 1256 2349 atque
1283 2277 1327 2326 ao

282 2364 393 2436 modo
410 2363 528 2437 omnis
541 2364 684 2436 sublata
701 2363 771 2436 erit
783 2364 880 2436 inter
901 2364 1067 2437 homines
1080 2365 1328 2439 beneficentia

283 2491 321 2550 et
337 2477 483 2566 fiducia,
497 2500 644 2573 unaque
657 2476 776 2549 omnis
789 2476 1046 2550 benevolentia
1059 2508 1068 2562 ;
1094 2502 1216 2574 neque
1230 2491 1328 2552 esset

282 2593 379 2665 inter
396 2615 458 2665 eos
475 2589 676 2687 quidquam
702 2601 838 2662 mutuae
865 2589 956 2686 opiS,
974 2614 1042 2664 nec
1059 2592 1176 2664 ullum
1194 2592 1327 2688 gratiae

282 2705 522 2778 conciliandae
539 2704 696 2777 initium.
748 2705 803 2776 Ex
821 2727 894 2799 quo
918 2714 1035 2776 status
1052 2705 1139 2777 belli
1156 2729 1328 2780 necessa-

282 2818 338 2892 rio
356 2841 549 2892 mansurus
567 2828 635 2906 est,
648 2827 777 2889 contra
794 2815 914 2913 legem
937 2818 1327 2912 arotaroesandamen-

283 2930 407 3004 talem.
471 2930 656 3005 Quoniam
684 2952 772 3002 vero
803 2927 894 3024 legis
921 2928 1031 3025 hujus
1067 2930 1218 3004 violatio
1250 2955 1327 3005 non

282 3056 338 3118 est
359 3043 446 3117 fidei
464 3045 539 3116 sive
567 3053 759 3141 pactorum
784 3041 960 3114 violatio:
988 3043 1209 3140 supponitur
1227 3045 1326 3121 enim

281 3158 383 3232 nulla
400 3159 498 3232 inter
515 3183 577 3232 eos
595 3156 991 3251 intercessissepacta:
1019 3158 1102 3231 ideo
1129 3182 1251 3254 neque
1270 3159 1327 3232 io-

273 3272 385 3366 jurio
397 3272 580 3344 nominari
593 3271 685 3344 solet
700 3302 709 3355 ;
736 3270 800 3342 sed
818 3269 904 3365 quia
921 3270 1121 3366 respiciunt
1138 3296 1177 3345 se
1195 3283 1327 3347 mutuo

282 3382 496 3479 beneficiam
513 3395 552 3456 et
566 3383 714 3481 gratio,
734 3402 1024 3457 montumano
1043 3385 1266 3480 appellatur.

85 3515 226 3560 Innatum
244 3579 249 3592 .
332 3507 367 3572 9.
396 3499 580 3573 Quartum
590 3505 817 3592 praeceptum
827 3505 969 3568 naturae
987 3508 1055 3585 est,
1071 3507 1112 3569 at
1126 3499 1326 3597 unusquis-

83 3583 270 3702 {lfflpffl
281 3637 353 3710 que
366 3637 407 3684 aa
418 3610 564 3685 caterio
579 3608 800 3682 coormodora
811 3618 985 3706 prestet.
1039 3611 1151 3685 Quod
1168 3623 1212 3686 ut
1224 3624 1327 3688 reete

84 3711 228 3754 ⁰⁰¹⁸¹²¹⁰⁶m
281 3727 519 3823 intelligatur,
548 3722 840 3798 animadvertere
865 3734 1022 3818 oportet,
1041 3748 1119 3798 esse
1144 3725 1185 3798 in
1206 3726 1326 3800 homi-

281 3841 389 3916 nibus
407 3839 456 3912 ad
472 3837 687 3912 societatem
702 3835 900 3908 ineundam
915 3835 1165 3911 diversitatem
1178 3839 1325 3935 ingeni-

283 3979 400 4043 orum,
415 3963 536 4027 ortam
553 3975 576 4023 a
592 3949 803 4023 diversitate
819 3950 1029 4041 affectuum,
1047 3952 1148 4025 haud
1165 3952 1325 4026 dissimi-

282 4069 355 4143 lem
367 4067 421 4140 illi
438 4089 520 4164 quoa
537 4063 719 4160 reperitur
735 4063 774 4136 in
799 4062 981 4158 lapidibus
999 4063 1047 4137 ad
1066 4065 1327 4140 aedificandum

283 4179 523 4277 comportatis
542 4203 564 4252 a
590 4176 801 4252 diversitate
819 4177 983 4250 materiae
1001 4190 1040 4251 et
1056 4180 1197 4276 figurae.
1227 4180 1324 4254 Nam
