2918 4912
358 320 473 380 enon
495 320 577 374 unx
596 318 846 389 strennus,
865 319 954 372 nro.
1117 303 1184 372 199

538 719 700 794 CAPUT
725 719 790 794 IV.

229 891 346 952 ouon
366 891 450 943 anx
468 891 706 945 NArurtnnrs
727 892 801 944 nsr
821 891 903 943 unx
923 889 1087 944 nrvrnn.

140 1029 172 1096 l.
201 1021 306 1096 Qum
325 1019 527 1110 naturalis,
546 1020 762 1110 etmornlia‚
774 1019 903 1095 eadem
920 1031 958 1094 et
971 1019 1100 1094 divino
1118 1017 1180 1092 lea·
1210 1027 1308 1078 SECT·
1324 1030 1376 1082 1¹1·

135 1133 316 1230 appellari
346 1133 450 1206 solet.
503 1133 583 1208 Neo
610 1133 819 1220 immerito;
854 1143 934 1207 tum
962 1132 1049 1230 quia
1073 1131 1180 1218 ratio,
1220 1107 1362 1210 *L

134 1271 222 1343 quae
234 1257 292 1320 est
304 1246 384 1343 ipsa
396 1245 456 1318 lex
469 1257 622 1334 naturae,
633 1245 843 1321 immediate
858 1271 881 1318 a
893 1247 972 1321 Deo
982 1245 1180 1342 unicuique
1192 1244 1357 1356 fflffi:

132 1385 201 1457 pro
220 1383 371 1433 suarum
388 1358 574 1432 actionum
587 1358 716 1455 regula
731 1360 872 1432 tributa
889 1371 970 1445 est3
997 1371 1077 1432 tum
1095 1359 1182 1456 quia
1192 1375 1229 1420 101
1238 1375 1319 1422 unm

132 1471 284 1547 vivendi
301 1481 495 1568 praecepta‚
514 1495 596 1569 quae
615 1471 700 1546 inde
713 1471 938 1562 derivantur,
950 1471 1078 1544 eadem
1095 1483 1182 1546 sunt

134 1611 220 1684 quae
238 1585 401 1659 adivina
418 1585 626 1682 Majestate,
638 1610 707 1682 pro
729 1585 874 1682 legibus
887 1586 993 1683 regni
1010 1584 1179 1676 coelestiS,

132 1724 201 1798 per
225 1699 426 1774 Dominum
459 1711 624 1772 nostrum
660 1700 788 1774 Jesum
819 1698 1017 1788 Christum,
1047 1708 1086 1772 et
1112 1722 1181 1794 per

133 1823 283 1886 sanctos
301 1811 503 1908 Prophetas
530 1822 568 1885 et
590 1811 790 1908 Apostolos
818 1811 1053 1908 promulgata
1081 1822 1179 1884 sunt.

134 1926 230 2000 Quae
249 1923 364 2022 igitur
381 1923 427 1998 dc
443 1924 526 2022 lege
542 1923 702 1998 naturali
719 1923 976 1998 ratiocinando
994 1947 1106 2021 supra
1123 1924 1179 1997 in·

132 2039 285 2112 tellecta
314 2049 412 2128 sunt,
445 2062 490 2112 ea
521 2037 592 2112 hoc
628 2037 747 2135 capite
779 2061 825 2112 ex
856 2037 1048 2134 Scriptura
1076 2061 1180 2112 sacra

131 2153 354 2226 confirmare
376 2150 604 2226 conabimur.

181 2275 218 2340 2.
247 2265 420 2362 Inprimis
437 2276 562 2340 autem
588 2289 632 2338 ea
647 2263 730 2340 loca
757 2263 1013 2354 indicabimus,
1039 2265 1078 2338 in
1097 2265 1177 2362 qui-
1191 2279 1219 2358 u
1232 2281 1390 2339 summer*

129 2379 200 2454 bus
217 2378 339 2475 legem
356 2377 518 2453 divinam
534 2378 573 2452 in
591 2389 693 2452 recta
717 2378 860 2452 ratione
886 2379 994 2453 sitam
1017 2402 1096 2454 esse
1113 2379 1177 2454 de·
1189 2345 1390 2470 &affixam

130 2497 306 2570 claretur.
359 2495 491 2570 Psalm.
509 2496 632 2570 xxxvi.
655 2503 716 2586 30,
735 2505 778 2570 31
799 2521 807 2570 :
830 2495 884 2570 Oe
901 2495 1004 2594 justi
1021 2497 1178 2570 medito-

130 2609 235 2684 bitnr
245 2607 485 2708 sapientiam,
500 2619 538 2683 et
549 2608 683 2708 lingua
693 2610 775 2705 ejnc
790 2608 964 2708 loquetur
967 2608 1175 2706 justitiam.

129 2723 216 2796 Len
241 2723 320 2797 Dei
346 2723 386 2796 in
413 2721 528 2796 corde
550 2723 685 2822 ipsine.
737 2723 813 2796 Jer.
840 2723 939 2796 xxxi.
967 2731 1036 2796 33:
1063 2722 1176 2796 Dabo

130 2833 254 2934 legem
272 2859 387 2909 mecm
399 2833 438 2908 in
452 2833 657 2909 uisceribns
670 2859 807 2925 eornm,
818 2845 856 2908 et
870 2835 909 2908 in
923 2834 1038 2908 corde
1051 2859 1176 2908 eornm

128 2947 295 3022 scribam
312 2973 404 3022 enm.
457 2947 550 3022 Psnl.
569 2947 670 3022 xviii.
689 2955 734 3022 8:
761 2947 847 3021 Len·
863 2947 1019 3022 Domini
1049 2949 1176 3022 imma-

129 3059 261 3135 culata
292 3071 510 3135 convertens
544 3060 716 3134 animam.
764 3060 851 3136 Ver.
869 3069 906 3152 9,
936 3061 1176 3160 Proeceplnm

127 3175 285 3248 Domini
296 3171 471 3265 lucidum,
484 3173 699 3248 illuminem
714 3173 853 3248 oculos.
879 3174 989 3248 Dent.
1003 3199 1089 3250 xxx.
1108 3186 1148 3251 ll
1165 3205 1174 3249 ε

127 3287 356 3362 Mandatum
368 3285 450 3378 lzoc,
468 3286 572 3386 qnod
585 3312 658 3386 ego
672 3287 860 3387 precipio
878 3286 948 3361 riti
960 3287 1084 3380 lodie,
1102 3315 1175 3364 non

128 3425 250 3500 cupra
269 3409 307 3473 te
322 3409 393 3488 est,
412 3399 679 3498 nequeprocnl
688 3403 870 3500 peritum,
888 3411 959 3476 etc.
998 3401 1083 3477 Ver.
1106 3412 1148 3478 14
1164 3433 1172 3477 :

129 3513 210 3587 Sed
226 3513 348 3610 juxto
375 3522 412 3587 te
442 3523 501 3586 eat
528 3537 649 3586 nermo
680 3513 804 3602 valde,
823 3514 862 3588 in
888 3539 954 3588 ore
976 3525 1051 3606 tuo,
1069 3527 1107 3590 et
1135 3517 1174 3590 in

128 3629 244 3702 corde
271 3636 347 3700 tuo.
388 3626 482 3700 Psal.
502 3627 623 3702 cxviii.
643 3636 714 3701 34:
741 3627 807 3700 Du
825 3627 916 3700 milri
934 3627 1174 3716 intellectum,

128 3751 166 3814 et
198 3739 400 3814 scrutabor
436 3739 555 3840 Iegem
588 3750 701 3814 tunm.
751 3739 836 3816 Ver.
876 3751 970 3817 105:
996 3742 1173 3816 Lucerna

123 3852 288 3949 pedibus
312 3853 403 3927 meis
417 3853 565 3928 verbum
579 3864 691 3946 tuum,
709 3864 747 3928 et
765 3853 885 3930 lumen
902 3856 1047 3930 semitis
1069 3857 1171 3931 meis.

129 3965 234 4040 Prov.
266 3965 315 4040 ix.
356 3974 425 4042 10:
482 3965 653 4040 Scientin
690 3976 917 4058 sanctornm,
947 3967 1171 4067 prudentio.

128 4079 260 4153 lohan.
279 4079 304 4153 i.
327 4088 342 4153 l
373 4078 450 4177 ipse
467 4078 560 4177 legis
582 4080 838 4178 promulgator
863 4081 1029 4155 christus
1047 4083 1172 4179 appel-

128 4191 227 4267 latur
251 4195 367 4292 λόγος.
419 4193 522 4268 Vers.
552 4201 588 4284 9,
607 4205 760 4268 vocatur
790 4193 889 4268 idem
907 4193 1078 4270 Christus
1105 4195 1171 4270 tua
