2918 4912
184 327 239 377 on
258 325 367 378 sunu
388 326 502 394 ntus,
522 325 592 379 cur
612 326 800 381 summum
821 329 1050 382 meatuum.
1087 316 1161 384 233

116 517 200 590 quae
213 491 313 566 cives
331 491 407 566 sive
424 491 562 566 subditi
586 493 684 568 inter
701 517 740 567 se
758 494 892 591 singuli
908 517 992 568 cum
1009 495 1163 592 singolis
1191 529 1292 584 sacr,
1305 531 1358 584 ιη,

114 617 246 680 mutuo
263 603 405 695 ineunt,
420 605 662 679 constitutum
679 606 745 690 sit;
763 617 872 704 pacta
885 617 1009 682 autem
1026 609 1161 698 omnia,
1204 607 1345 714 „L

113 731 157 792 ut
170 743 194 792 a
210 717 403 792 voluntate
420 718 715 792 contrahentium
733 719 808 792 vim
822 742 925 793 suam
943 721 1290 812 nomiomacensis„
1310 748 1375 805 impe

115 831 168 906 ita
185 853 369 905 consensu
386 827 586 904 eorundem
599 829 674 904 vim
688 855 791 904 suam
807 831 965 928 perdant
982 843 1020 907 et
1033 833 1162 908 dissol-
1170 812 1232 934 {¹13¹
1229 825 1375 922 ffiffffi

115 953 278 1028 vantur;
305 942 441 1016 inferet
469 943 567 1017 forte
596 943 740 1041 aliquis,
765 969 937 1020 enormem
970 947 1163 1048 imperium
1174 955 1356 1064 ffimfflpffgg

116 1081 300 1132 consensu
327 1057 491 1130 omnium
525 1057 633 1132 simul
670 1058 902 1132 subditorum
928 1084 1036 1157 posse
1069 1061 1160 1136 tolli.
1174 1077 1208 1116 ⁰¹⁸
1221 1071 1373 1117 ⁰⁰¹²·th

119 1171 234 1246 Quod
257 1170 467 1244 etsiverum
484 1183 592 1261 esset,
607 1195 683 1245 non
698 1171 806 1246 video
820 1183 944 1248 tamen
963 1175 1052 1272 quid
1065 1176 1162 1272 peri-

117 1285 191 1358 culi
214 1283 303 1356 inde
328 1283 476 1356 summis
494 1283 765 1384 imperantibus
793 1286 881 1360 oriri
902 1288 996 1384 jore
1023 1301 1160 1386 posset.

119 1399 306 1474 Quoniam
329 1399 428 1472 enim
453 1399 671 1496 supponitur
694 1422 993 1497 unumquemque
1017 1401 1162 1476 unicui-

118 1536 189 1608 que
220 1535 259 1585 se
288 1511 478 1607 obligasse,
496 1511 527 1584 si
553 1511 707 1609 quilibet
733 1535 828 1586 unus
859 1513 993 1587 civium
1018 1514 1056 1587 id
1080 1515 1161 1590 fieri

117 1624 221 1714 nolit,
255 1623 380 1697 caeteri
406 1647 543 1713 omneS,
561 1635 748 1721 utcunque
778 1627 1040 1718 consenserint,
1058 1638 1162 1704 tene-

115 1739 268 1812 buntur.
320 1737 400 1811 Nec
418 1747 540 1834 potest
564 1738 757 1836 quisquam
775 1763 902 1812 eorum
920 1739 997 1814 sine
1018 1741 1161 1838 injuria

117 1850 251 1940 facere,
272 1850 372 1946 quod
385 1860 495 1946 pacto
512 1873 657 1923 mecum
674 1851 767 1924 inito
777 1875 853 1925 non
870 1852 992 1926 facere
1011 1877 1050 1928 se
1068 1854 1161 1928 obli-

116 1964 229 2060 gavit.
283 1963 369 2036 Non
384 1973 440 2036 est
453 1974 576 2037 autem
587 1964 793 2060 putandum
805 1966 972 2040 accidere
984 1991 1160 2066 unquam,

116 2092 158 2153 ut
187 2102 317 2152 omnes
352 2077 460 2152 simul
488 2078 596 2168 cives,
629 2102 675 2152 ne
708 2103 783 2152 uno
818 2079 966 2176 quidem
994 2092 1160 2178 excepto,

124 2203 257 2266 contra
276 2215 448 2264 summm
476 2191 670 2290 imperium
688 2193 932 2266 consentiant.
968 2193 1055 2268 Non
1072 2217 1162 2291 ergo

118 2305 327 2403 periculum
338 2305 552 2378 esttamrnis
563 2305 846 2403 imperantibus,
861 2329 908 2380 ne
916 2308 1008 2402 jore
1020 2307 1162 2404 possint

115 2417 342 2492 authoritate
368 2441 434 2490 sua
461 2417 618 2513 spoliari.
672 2419 713 2492 Si
733 2429 858 2492 tamen
883 2420 1159 2510 concederetur,

111 2535 172 2629 jus
190 2555 320 2605 eorum
338 2529 544 2626 dependere
562 2555 585 2604 a
602 2531 680 2604 solo
693 2543 814 2628 pacto,
842 2532 940 2628 quod
965 2533 1161 2630 unusquis-

117 2669 188 2742 que
205 2645 277 2719 init
303 2667 387 2717 cum
412 2667 634 2740 unoquoque
661 2670 727 2720 suo
754 2645 916 2736 concive,
933 2645 1041 2720 facile
1063 2645 1161 2719 acci-

118 2759 206 2832 dere
217 2768 355 2854 posset‚
367 2767 409 2830 ut
419 2757 573 2854 imperio
588 2759 833 2856 spoliarentur
849 2770 1033 2857 praetextu
1040 2761 1159 2856 juria.

115 2872 282 2946 Subditis
317 2871 415 2944 enim
449 2872 525 2946 sive
559 2872 770 2946 convocatis
801 2873 954 2968 imperio
986 2872 1156 2964 civitatis

116 2987 192 3058 sive
217 2983 389 3059 seditiose
417 2985 730 3073 concurrentibus
760 2985 907 3082 plurimi
933 2985 1160 3060 arbitrantur

116 3123 336 3176 consensum
361 3097 526 3172 omnium
553 3098 732 3172 contineri
756 3099 794 3172 in
813 3121 993 3173 consensu
1010 3099 1160 3196 majoris

114 3215 244 3312 partie.
299 3211 411 3287 Quod
441 3211 590 3308 quidem
618 3211 752 3285 falsum
778 3223 843 3285 est.
894 3212 981 3286 Non
1009 3213 1108 3286 enim
1137 3239 1161 3288 a

115 3338 249 3401 natura
267 3335 335 3414 est,
355 3323 455 3420 quod
472 3347 669 3398 consensus
687 3325 836 3422 majoris
852 3325 967 3422 partis
980 3326 1161 3400 habeatur

114 3463 181 3536 pro
202 3460 383 3512 consensu
412 3435 587 3526 omnium,
605 3461 724 3534 neque
741 3461 868 3512 verum
895 3449 950 3512 est
968 3439 1006 3512 in
1023 3441 1156 3514 tumul-

115 3553 235 3637 tibus;
264 3550 330 3625 sed
346 3550 514 3648 procedit
536 3551 583 3624 ab
601 3550 831 3624 institutione
851 3551 959 3642 civili,
979 3563 1017 3625 et
1032 3577 1160 3628 verum

116 3678 170 3740 est
183 3678 276 3740 tunc
290 3675 447 3754 tantum,
459 3664 607 3759 quando
625 3665 655 3738 is
667 3665 770 3738 homo
783 3665 839 3738 vel
851 3667 960 3740 curia
977 3667 1058 3756 illa,
1072 3691 1156 3764 quae

116 3803 289 3852 carmanum
305 3777 418 3851 habet
442 3777 646 3876 inperium,
659 3778 756 3850 cives
768 3803 985 3868 convocans
1004 3793 1159 3876 propter

115 3916 312 3966 numerum
351 3915 526 3986 magnum
557 3890 683 3965 electis
719 3917 797 3966 esse
826 3893 906 3966 vult
937 3903 1157 3988 potestatem

115 4005 290 4103 loquendi
317 4029 384 4102 pro
413 4005 645 4100 eligentibus
664 4017 701 4079 et
728 4006 957 4104 loquentium
982 4007 1159 4102 majorem

114 4132 257 4218 partem
283 4121 381 4192 circa
407 4143 468 4192 eas
486 4144 556 4211 res,
575 4145 658 4215 quea
681 4123 727 4195 ab
755 4147 798 4194 eo
817 4119 1055 4194 discutiendae
1072 4145 1159 4218 pro-

114 4247 315 4332 ponuntur,
330 4233 458 4308 haberi
470 4258 537 4330 pro
551 4234 729 4308 omnibus.
783 4235 868 4308 Non
887 4245 1010 4308 autem
1023 4233 1160 4309 intelli-
