2904 4912
238 274 293 328 DE
313 273 455 328 REGNO
475 275 548 329 DEI
568 275 648 329 PER
667 276 833 330 Paetum
854 277 1020 332 Novum.
1080 263 1152 331 399

108 443 273 544 geliatae,
292 443 355 521 alii
372 455 557 545 pastores
583 470 646 522 seu
665 445 851 522 doctores.
901 448 951 522 Et
968 469 1059 544 opus
1077 445 1157 544 qni-
1186 479 1282 532 secr,
1298 481 1350 534 nr.

112 557 198 631 dem
233 561 479 658 apostolicum
511 561 723 636 universum
757 573 860 646 erat;
892 559 1157 660 propheticum
1197 558 1341 662 ᾧ

112 682 239 746 autem
272 673 516 747 revelationes
553 674 720 770 proprias
754 675 794 747 in
828 673 990 748 ecclesia
1023 696 1158 770 propo-

109 809 222 870 nere;
261 786 579 885 evangelium,
612 787 825 883 praedicare,
859 787 935 861 sive
968 809 1158 883 precones

111 922 192 973 esse
210 899 391 995 evangelii
407 899 507 997 apud
523 898 711 984 infideles;
731 899 992 999 pastoritium,
1010 899 1156 987 docere,

111 1013 344 1103 confirmare,
362 1023 399 1086 et
417 1036 546 1110 regere
571 1013 712 1088 animos
739 1038 877 1105 eorum,
897 1014 960 1110 qui
985 1015 1063 1112 jam
1077 1037 1156 1088 cre-

112 1124 296 1199 diderant.

164 1247 227 1312 24.
256 1239 300 1312 In
316 1237 498 1312 electione
520 1237 862 1313 ecclesiasticorum
879 1239 953 1315 duo
971 1240 1157 1314 consider·
1170 1257 1306 1302 metm

114 1351 212 1426 anda
229 1360 325 1440 sunt,
344 1349 478 1425 electio
503 1374 754 1448 personarum,
773 1363 810 1425 et
827 1353 1054 1427 consecratio
1081 1354 1157 1426 sive
1169 1322 1367 1446 m

113 1463 424 1560 instinctuque,
459 1474 496 1537 et
531 1463 713 1538 ordinatio
748 1465 963 1563 appellatur.
1016 1467 1157 1550 Primos
1169 1453 1360 1562 mmm?

113 1576 309 1677 apostotos
334 1575 528 1651 duodecim
554 1577 631 1673 ipse
663 1576 873 1652 Cnrusnus
905 1590 943 1653 et
969 1578 1090 1677 elegit
1119 1587 1273 1654 et12⁸¹¹⁰¹⁸⁸

112 1690 318 1765 ordinavit
370 1690 457 1764 Post
482 1690 731 1764 ascensionem
757 1690 945 1782 Cnmsrt,
980 1691 1157 1768 Matthias

113 1805 155 1879 in
178 1805 303 1877 locum
326 1803 434 1878 Judae
458 1802 657 1900 proditoris
683 1805 857 1878 suffectus
884 1816 952 1895 est,
981 1804 1156 1898 ecclesie,

113 1943 199 2015 qnae
223 1941 269 1992 ex
288 1916 496 2008 hominibus
520 1916 666 1991 circiter
690 1929 838 1990 centnm
856 1929 895 1992 et
911 1919 1044 2016 viginti
1068 1929 1157 1994 tuno

114 2031 292 2129 temporis
310 2042 534 2128 congregata
547 2041 614 2120 est,
628 2030 721 2106 duos
738 2031 918 2128 eligente3
943 2041 1159 2106 statuerunt

115 2145 214 2220 enim
241 2144 345 2233 deor,
371 2143 514 2241 Josept
543 2153 582 2217 et
612 2141 844 2228 Montium
883 2144 949 2219 sed
973 2144 1053 2219 Deo
1077 2145 1158 2242 ipso

115 2269 218 2332 sorte
240 2281 355 2330 unum
381 2257 578 2330 Matthiam
594 2257 832 2354 approbante.
883 2259 1005 2356 Atque
1023 2257 1160 2332 duode-

115 2372 191 2445 cim
206 2370 275 2444 hos
292 2369 453 2468 appellat
469 2382 617 2446 sanetus
638 2371 770 2446 Paulus
787 2396 944 2471 magnos
963 2381 1001 2446 et
1010 2371 1159 2471 primos

115 2483 311 2584 apostolos
321 2512 336 2568 ;
363 2484 453 2557 item
470 2485 662 2583 apostolos
680 2484 986 2559 circumcisionis.
1030 2487 1160 2560 Postea

116 2597 236 2672 additi
253 2598 327 2672 duo
343 2597 405 2672 alii
421 2598 598 2697 apostoli,
617 2599 750 2672 Paulus
767 2611 806 2671 et
825 2599 1034 2682 Barnabas;
1061 2597 1159 2670 ordi-

116 2711 199 2785 nati
225 2711 374 2809 quidem
403 2736 426 2785 a
455 2711 667 2786 doctoribus
701 2721 739 2784 et
766 2711 956 2808 prophetis
990 2708 1160 2784 eccleeioe

116 2821 376 2913 Antiocheae,
404 2848 487 2920 quae
513 2836 593 2899 erat
619 2822 780 2897 ecclesia
804 2821 1070 2921 particularia,
1093 2841 1161 2917 per

117 2937 394 3032 impositionem
410 2960 607 3021 manuum;
635 2936 742 3010 electi
758 2960 845 3009 vero
868 2938 974 3033 jussu
1000 2933 1159 3030 Spiritus

119 3049 259 3124 Sancti.
313 3049 423 3132 Quod
448 3049 586 3123 fuerint
611 3050 719 3123 ambo
746 3048 923 3147 apostoli,
942 3059 1089 3120 constat
1114 3071 1160 3120 ex

118 3163 243 3260 capite
257 3163 399 3236 decimo
413 3173 543 3258 quarto
561 3163 750 3252 Actorum,
761 3184 870 3234 versu
881 3161 1023 3234 decimo
1037 3159 1160 3233 tertio.

121 3276 235 3355 Quod
256 3275 508 3375 apostolatum
534 3301 579 3349 ex
610 3299 652 3349 eo
683 3284 911 3372 recepenmt,
939 3273 1039 3370 quod
1057 3275 1163 3370 jussu

121 3391 283 3489 Spiritus
303 3389 428 3463 Sancti
445 3413 467 3462 a
483 3387 672 3485 prophetis
690 3386 976 3483 doctoribusque
999 3386 1162 3460 ecolesiae

120 3505 364 3580 Antiochense
382 3503 564 3600 segregati
580 3501 718 3575 fuerint
732 3499 780 3573 ad
794 3524 886 3596 opus
904 3501 985 3590 Dei,
1000 3498 1162 3574 ostendit

104 3620 200 3716 ipse
218 3628 365 3691 sanctus
379 3615 523 3706 Paulus,
543 3615 606 3712 qui
624 3613 869 3688 distinctionis
880 3622 1110 3687 oausavoeat
1122 3633 1161 3684 se

125 3732 249 3825 (Rom.
267 3729 292 3802 i.
316 3728 351 3820 1)
368 3727 577 3828 apostolum
593 3737 838 3826 segregatum
856 3726 894 3800 c'n
910 3723 1162 3823 Evangelium

122 3844 210 3919 Dei.
249 3842 323 3915 Sed
335 3841 366 3915 si
379 3853 566 3937 quaeratur
578 3840 744 3928 ulterius,
757 3863 833 3938 que
846 3837 1162 3912 auctoritatefac-

121 3968 202 4031 tum
219 3955 279 4045 sit,
305 3967 348 4028 ut
364 3977 433 4050 pro
447 3955 551 4051 jussu
569 3953 727 4050 Spiritus
746 3951 872 4038 Sancti
890 3961 1080 4047 receptum
1101 3948 1161 4039 sit,

123 4070 225 4169 quod
240 4068 431 4166 prophetae
449 4077 487 4140 et
505 4068 673 4141 doctores
690 4064 744 4138 illi
759 4063 967 4161 profectum
984 4087 1006 4136 a
1021 4062 1162 4160 Spiritu

105 4221 108 4228 ¹
124 4185 261 4260 Sancto
276 4206 354 4258 essa
372 4181 543 4274 dixerint,
558 4179 854 4280 respondendum
871 4179 1076 4254 necessario
1094 4187 1160 4268 est,
