2896 4914
307 308 356 373 60
699 319 753 370 nu
774 319 955 370 uournu.

113 521 210 574 sEcT,
225 522 263 571 n.
358 487 415 561 Sit
436 487 489 580 (in
506 488 626 584 figura
642 487 761 586 primo
776 487 915 560 tabulae
932 487 1041 584 hujus
1060 486 1205 589 capitis)
1228 489 1354 584 objec-

120 601 264 704 ss
304 616 385 679 tum
402 619 505 680 recta
521 608 597 681 AB
612 608 697 680 ol).
751 607 876 696 Linea,
891 630 973 702 quoe
992 606 1064 680 duo
1082 605 1205 680 media
1219 607 1354 680 dister-

164 759 182 788 ω
303 719 432 810 minat,
447 721 495 796 sit
507 723 537 795 E
550 721 581 795 G
592 722 629 793 H
643 721 661 793 Ι
673 733 776 793 recta
789 734 828 793 et
839 720 954 815 ipsiA
968 721 1001 793 D
1016 720 1202 816 parallela,
1217 722 1354 817 quibus

89 809 283 933 liliumque.
305 834 470 930 utrisque
501 835 550 907 sit
584 835 697 907 FEA
732 833 1057 930 perpendicularis,
1089 845 1353 932 statuaturque

304 949 431 1022 oculus
448 949 487 1020 in
505 950 544 1021 F.
595 949 644 1020 Et
669 947 768 1020 intra
793 946 985 1042 parallelas
1004 949 1034 1019 A
1050 947 1096 1031 D,
1115 947 1177 1020 ΕΙ
1196 946 1245 1020 sit
1272 973 1353 1022 rne-

303 1062 405 1137 dium
433 1063 590 1151 densius
615 1072 657 1134 ut
681 1084 797 1158 aqua;
825 1059 986 1132 medium
1013 1085 1101 1133 vero
1130 1060 1229 1133 inter
1255 1063 1285 1134 F
1311 1079 1353 1136 et

301 1177 361 1250 ΕΙ
379 1178 427 1250 sit
443 1177 571 1266 rarius,
590 1186 632 1248 ut
648 1199 722 1248 aer.
775 1175 845 1248 His
869 1174 1092 1273 constitutis,
1109 1174 1297 1248 videbitur
1316 1177 1353 1249 A

302 1291 437 1386 inipso
458 1301 596 1387 puncto
614 1290 659 1376 A,
677 1300 874 1386 propterea
901 1288 1001 1383 quod
1027 1288 1066 1360 in
1088 1301 1229 1383 puncto
1247 1291 1279 1362 E
1300 1291 1351 1363 ob

300 1403 454 1476 actionis
483 1402 904 1500 perpendicularitatem,
931 1402 1033 1474 nulla
1062 1403 1127 1474 fiet
1157 1402 1351 1478 refractio.

303 1506 477 1590 Sumatur
499 1515 597 1590 aliud
619 1527 800 1613 punctum
819 1515 861 1605 B,
881 1527 918 1588 et
936 1515 1094 1589 ducatur
1113 1514 1199 1606 BG,
1219 1517 1275 1590 ita
1291 1531 1351 1608 ut,

173 1717 176 1728 .
301 1631 454 1704 servatis
471 1629 703 1703 refractionis
720 1628 873 1725 legibus,
891 1630 1115 1726 refringatur
1132 1630 1180 1702 ad
1197 1633 1352 1706 oculum

301 1745 340 1817 in
355 1747 403 1828 F;
431 1757 469 1818 et
487 1745 599 1818 ducta
615 1745 686 1817 FG
702 1743 929 1840 producatur
946 1744 995 1817 ad
1010 1730 1057 1834 K,
1070 1745 1125 1816 ita
1141 1753 1184 1816 ut
1202 1745 1282 1818 GK
1301 1747 1352 1818 sit

300 1859 450 1955 aequalis
468 1859 555 1932 GB.
608 1859 791 1931 Punctum
817 1857 931 1952 igitur
957 1857 987 1930 B
1015 1857 1209 1953 apparebit
1234 1858 1274 1930 in
1298 1860 1350 1949 K,

301 1995 382 2067 quae
410 1970 517 2044 cadet
543 1971 637 2046 citra
660 1983 801 2043 rectam
818 1970 912 2060 AD,
931 1971 1017 2066 quia
1034 1971 1066 2044 G
1082 1970 1109 2041 B
1137 1971 1261 2044 minor
1289 1984 1350 2045 est

301 2110 411 2183 quam
437 2085 533 2158 foret
550 2085 627 2159 GK
652 2083 867 2157 continuata
891 2108 1007 2180 usque
1034 2082 1082 2155 ad
1114 2083 1234 2179 ipsam
1251 2085 1349 2160 AD.

303 2198 488 2288 Similiter,
503 2209 649 2295 sumpto
667 2197 738 2270 alio
755 2208 894 2293 puncto
909 2197 950 2286 C,
966 2197 1150 2291 ductaque
1165 2197 1195 2268 C
1211 2197 1248 2270 H
1265 2222 1352 2294 quae

301 2311 524 2408 refringatur
542 2311 714 2385 etiamad
730 2313 770 2400 F,
786 2321 950 2385 sumatur
962 2311 1002 2383 in
1015 2309 1198 2406 producta
1214 2312 1352 2388 visuali

303 2424 382 2496 ΡΗ
411 2439 514 2498 recta
539 2425 575 2497 H
596 2425 626 2500 L
652 2425 802 2521 aequalis
829 2424 900 2520 ipsi
930 2423 1038 2508 cH;
1067 2423 1212 2520 eritque
1242 2425 1351 2502 locus

301 2539 431 2636 puncti
450 2541 479 2612 C
499 2563 677 2638 apparens
694 2540 733 2612 in
750 2541 792 2612 L.
845 2538 983 2612 Eadem
1005 2537 1181 2611 methodo
1202 2539 1351 2614 inveni-

302 2665 386 2726 atur
409 2655 538 2751 puncti
565 2654 599 2726 D
628 2653 730 2727 locus
762 2677 943 2749 apparens
971 2653 1024 2742 M,
1056 2653 1253 2750 omniaque
1283 2656 1352 2730 illa

300 2779 440 2862 puncta
459 2767 505 2855 K,
523 2768 564 2856 L,
583 2768 636 2857 M,
654 2766 765 2840 modo
784 2767 984 2838 secundum
1001 2767 1184 2840 rationem
1208 2769 1351 2844 refrac-

301 2880 413 2953 tionis
440 2880 561 2954 medio
590 2880 752 2953 debitam
780 2903 984 2976 operemur,
1003 2879 1137 2953 cadent
1153 2880 1192 2953 in
1209 2882 1351 2956 lineam

302 2995 489 3083 AKLM,
509 3018 591 3089 quae
608 2993 656 3066 ad
673 2993 916 3091 superficiem,
934 2994 973 3066 in
991 3017 1064 3089 qua
1081 3001 1139 3066 est‘
1153 3007 1259 3068 recta
1271 2997 1304 3068 E
1317 2998 1350 3086 I,

301 3107 451 3202 propius
470 3131 613 3203 semper
627 3108 794 3182 accedet:
813 3107 853 3180 id
864 3106 962 3203 quod
973 3118 1053 3180 erat
1063 3107 1349 3194 ostendendum.

353 3220 481 3294 Qualis
499 3234 623 3293 autem
646 3221 707 3294 illa
734 3222 831 3295 linea
854 3222 913 3311 sit,
932 3220 1078 3294 difficile
1095 3232 1152 3294 est
1169 3221 1350 3297 determi-

300 3356 400 3406 nare.
438 3334 477 3406 Si
496 3334 585 3423 GK,
604 3335 641 3407 H
653 3336 695 3424 L,
714 3335 784 3408 ΙΜ
800 3348 921 3409 essent
938 3358 1064 3408 omnes
1083 3335 1242 3431 aequales
1259 3361 1349 3433 per-

299 3447 529 3545 pendiculari
546 3447 634 3536 EA,
649 3459 738 3521 tunc
756 3448 905 3544 quidem
922 3447 1020 3520 linea
1032 3448 1067 3521 A
1079 3449 1120 3521 Μ
1140 3465 1238 3523 esset
1256 3475 1351 3525 con·

299 3560 401 3634 chois
428 3560 611 3657 vulgaris:
639 3584 737 3633 nunc
764 3584 851 3634 vero
879 3585 955 3634 non
983 3572 1039 3635 est
1066 3563 1253 3653 conchois,
1277 3567 1350 3640 sed

298 3685 423 3746 tamen
441 3674 538 3770 quia,
558 3674 626 3748 etsi
653 3673 692 3747 in
718 3674 903 3746 inlinitum
928 3673 1146 3771 procederet
1163 3687 1276 3772 atque
1295 3679 1349 3752 ad

298 3787 434 3861 lineam
447 3789 478 3860 E
492 3788 511 3860 l
525 3811 667 3885 semper
680 3789 884 3873 accederet,
899 3813 1088 3885 nunquam
1100 3801 1226 3863 tamen
1239 3791 1348 3866 illam

298 3901 510 3998 attingeret,
530 3903 677 3976 videtur
695 3927 738 3974 ea
750 3903 847 3976 inter
864 3902 1002 3997 species
1019 3903 1230 3977 innumeras
1248 3905 1347 3980 line-

300 4039 403 4089 arum
422 4015 696 4089 conchoeideon
713 4025 815 4087 recte
831 4015 1017 4089 numerari
1033 4040 1152 4112 posse.

349 4139 383 4203 3.
413 4129 524 4204 Quod
541 4129 572 4202 si
588 4128 646 4223 (ut
662 4128 701 4202 in
718 4129 838 4224 figura
855 4129 1030 4223 secunda)
1046 4130 1221 4222 medium,
1240 4133 1347 4229 quod

298 4255 354 4320 est
371 4243 470 4317 intra
486 4242 677 4340 parallelas
690 4242 724 4316 A
737 4241 783 4332 D,
801 4240 874 4333 EI,
893 4242 941 4316 sit
955 4242 1072 4316 rarius
1086 4267 1129 4317 eo
1142 4244 1181 4318 in
1194 4270 1268 4342 quo
1282 4259 1347 4324 est
