2896 4914
199 348 251 400 nn
271 349 376 404 Loco
396 349 641 407 arpennum
663 353 848 427 ottonom,
864 355 952 412 arc.
1065 345 1111 412 59

87 531 126 605 nd
138 531 306 605 verticem
323 529 371 607 ud
387 543 530 630 partem
547 535 595 610 ad
613 547 781 612 centrum
795 561 875 614 eam
892 539 1004 614 habet
1022 542 1111 616 rati·
1151 565 1247 618 secr.
1263 563 1288 618 n
1306 573 1311 584 ’

86 669 181 718 onem
197 667 307 742 qnam
333 645 444 722 habet
470 659 591 723 totum
620 653 716 726 oculi
738 651 1040 752 perpendiculum
1063 655 1112 730 ad
1155 645 1297 750 „L

85 753 209 856 speculi
226 757 549 837 semidiametrnm.
586 765 683 840 Nam
700 789 814 864 prope
829 779 1008 864 punctum
1020 767 1112 842 illud

85 897 199 950 omnes
214 873 418 951 incidentes
435 878 672 953 reflectentur
689 881 737 956 ad
755 881 851 956 oculi
869 879 1055 980 pupillam.

488 1179 684 1200 ψ

455 1361 616 1440 CAPUT
644 1363 728 1440 VII.

83 1525 129 1575 DE
147 1524 250 1577 Loco
265 1523 512 1594 areanum
532 1527 704 1580 onrncrl
724 1529 810 1582 VISI
830 1527 912 1582 PER
932 1527 1109 1583 REFRAC·

408 1640 572 1694 ΤΙΟΝΕΜ
591 1641 770 1696 UNICAM.

83 1762 105 1818 l.
123 1755 231 1837 Regula
247 1775 301 1836 pro
324 1760 389 1820 loao
407 1769 562 1838 apparente
587 1761 693 1840 objecti
716 1764 843 1842 vesper
866 1765 982 1824 unioam
1005 1763 1110 1824 reima-

114 1853 217 1911 tionem
236 1853 387 1930 generalia.
442 1857 472 1922 2,
486 1859 513 1922 3.
527 1859 555 1926 t,
568 1861 597 1924 5,
610 1859 639 1915 6.
661 1855 783 1934 Ragnlae
805 1853 881 1914 illias
905 1856 1110 1934 applicationes

115 1945 226 2022 aliquot
267 1947 297 2014 7,
311 1950 340 2006 8.
360 1947 457 2012 Quare
469 1957 546 2006 astra
559 1967 649 2024 prope
659 1947 837 2008 horizontem
850 1943 959 2025 majora
972 1955 1111 2028 apparent

115 2037 402 2113 quamoulminantia.
422 2043 450 2099 9.
467 2037 813 2116 Quarapluresvidentur
834 2041 922 2100 stello
941 2041 1006 2100 tlxae
1026 2047 1112 2100 noete

116 2147 212 2188 serena
224 2129 330 2208 frigida
343 2149 430 2208 quam
444 2129 549 2208 tepida.

86 2257 113 2322 1.
126 2247 169 2320 lu
180 2248 319 2322 visione
328 2270 395 2345 per
406 2249 553 2322 unicam
566 2245 882 2341 refractionem,id
891 2261 959 2341 est,
966 2249 1112 2348 quando
1126 2267 1213 2326 Rem·
1222 2281 1262 2326 m

82 2359 199 2434 oculus
217 2362 329 2436 estin
346 2386 421 2436 uno
438 2361 571 2455 medio,
591 2365 779 2460 objectum
802 2364 841 2438 in
864 2363 936 2439 alio
961 2363 1114 2440 diversa
1125 2334 1302 2458 llll-'m

81 2472 300 2566 resistentiae‚
316 2475 605 2582 considerandus
623 2487 680 2551 est
695 2478 810 2569 loeus,
825 2479 864 2552 in
882 2503 955 2576 quo
972 2477 1114 2553 videre·
1126 2465 1326 2588 ffiffi

82 2596 138 2662 tur
165 2583 193 2663 si
218 2599 417 2686 utrumque
434 2587 607 2677 ‚madium
634 2592 799 2689 ejusdem
826 2605 923 2666 esset
946 2602 1113 2677 uaturae;

84 2702 205 2777 deinde
222 2701 531 2778 considerandum
557 2716 615 2779 est
640 2717 833 2804 punctum,
850 2705 890 2780 in
908 2731 981 2804 quo
998 2707 1041 2778 fit
1057 2725 1115 2778 re-

83 2815 216 2892 tractio.
255 2817 323 2890 Est
340 2814 437 2891 enlm
454 2829 558 2892 recta
574 2817 620 2892 ab
639 2817 746 2893 oculo
764 2817 812 2894 ad
829 2819 921 2894 illud
935 2827 1115 2916 punctum

85 2931 195 3022 dueta,
212 2927 312 3022 linea
336 2927 483 3006 visualis
509 2929 640 3030 puncti
657 2930 746 3017 visi;
774 2931 834 3007 oui
861 2931 892 3006 si
920 2931 1115 3030 adjiciatur

84 3039 266 3142 longitudo
290 3055 414 3136 reetae,
441 3069 523 3144 quae
544 3055 599 3120 est
621 3056 796 3143 apunoto
823 3041 957 3142 objecti
974 3044 1041 3119 visi
1067 3044 1116 3119 ad

83 3172 250 3256 punctum
283 3157 527 3251 aestuationis,
558 3157 817 3234 terminabitur
849 3169 929 3233 tota
960 3159 999 3232 in
1031 3157 1114 3234 loco

84 3271 243 3372 imaginis
261 3273 436 3370 quaesitae.
473 3274 664 3350 Quantum
681 3274 777 3346 enim
795 3273 919 3347 radius
937 3297 960 3348 a
975 3284 1114 3371 puncto

83 3385 164 3477 viso,
182 3385 245 3485 qui
261 3381 411 3460 visionis
438 3410 548 3461 eausa
574 3399 641 3478 est,
660 3385 871 3490 extenditur
891 3385 992 3460 intra
1008 3407 1115 3460 auum

83 3500 247 3591 medium,
265 3509 371 3574 tanto
388 3497 572 3576 videbitur
599 3499 747 3575 extendi
773 3501 813 3574 in
841 3499 970 3575 eodem
993 3501 1113 3576 medio

85 3614 277 3689 seeundum
294 3613 429 3688 lineam
445 3615 631 3690 visualem.

129 3740 160 3803 2.
188 3730 227 3804 Si
254 3729 441 3825 objectum
468 3731 518 3803 sit
543 3729 641 3803 linea
666 3739 779 3820 reeta,
797 3739 836 3802 et
863 3737 1047 3804 statuetur
1074 3729 1113 3803 in
1127 3747 1218 3826 usum
1248 3815 1253 3826 Ι

83 3841 195 3917 medio
206 3837 389 3933 densiore,
399 3841 526 3916 oculus
537 3854 659 3917 autem
670 3844 709 3917 in
719 3843 869 3933 rariore,
880 3842 977 3918 linea
989 3849 1113 3918 autem
1126 3813 1321 3938 illidi-iqua

85 3953 150 4030 duo
168 3955 230 4032 illa
245 3952 369 4030 media
385 3955 616 4055 distinguens
633 3953 683 4031 sit
698 3969 812 4047 recta,
831 3968 869 4031 et
885 3956 1030 4053 objecto
1048 3979 1113 4056 pa-

83 4070 212 4160 rallela,
230 4083 274 4145 ut
291 4069 334 4160 si,
353 4069 510 4168 exempli
532 4071 663 4168 gratia,
682 4069 866 4168 objectum
884 4068 933 4145 sit
949 4069 989 4145 in
1006 4094 1112 4170 aqua,

84 4183 202 4257 oculus
236 4185 274 4259 in
313 4205 409 4275 aare,
444 4181 634 4282 apparebit
668 4183 827 4280 obliqua,
864 4195 902 4257 et
935 4184 1113 4261 accedens

85 4319 219 4395 semper
238 4297 285 4373 ad
302 4295 437 4374 lineam
454 4322 537 4396 quae
554 4296 675 4375 media
692 4293 933 4374 disterminat.
