2896 4914
368 332 423 385 na
443 291 572 386 nunna
590 329 775 403 vinum,
793 333 883 388 nnc.
1102 321 1144 390 lu

104 499 221 590 culus,
237 497 425 574 videbitur
449 499 637 597 objectum
663 521 741 575 usse
767 501 948 586 oneum
975 497 1148 576 §idonee
1181 531 1278 588 sucu,
1296 531 1334 588 ῃ,

102 612 277 688 dimidius
293 614 361 686 fiat
377 613 547 701 annulus,
562 614 749 689 videbitur
760 613 889 688 arcui
902 613 1148 690 semiuirunm-
1189 613 1331 717 ,L

102 726 287 800 ferentia:
315 725 414 799 idem
431 726 577 802 accidet
591 726 631 801 in
647 726 803 823 obiectis
818 725 931 800 motis
946 726 1149 802 seeundum
1161 753 1310 806 namma

104 841 241 912 lineam
259 851 411 914 rectem.
464 839 662 938 Propterea
688 839 789 938 quod
808 839 965 914 durante
991 839 1150 936 imagine
1161 817 1343 940 fflffiss

103 953 206 1026 faeta
222 953 269 1025 ab
293 951 400 1025 initio
425 963 559 1043 motus,
583 953 915 1050 auuedentibueque
931 953 1275 1050 imaginibusmulum
1284 951 1342 990 '²¹¹¹‘

104 1066 214 1139 factis
232 1065 272 1137 in
289 1065 433 1138 caeteris
450 1065 620 1140 omnibus
640 1067 721 1156 viae,
742 1088 809 1162 per
834 1089 944 1163 quam
970 1077 1150 1157 movetur,

106 1179 289 1275 partibus,
314 1199 464 1252 neeesse
493 1190 561 1269 eet,
585 1181 616 1253 si
642 1179 716 1253 sint
739 1178 811 1253 illae
829 1179 1007 1275 imagines
1024 1201 1151 1253 omnes

107 1291 276 1388 ejusdem
293 1292 359 1382 rei,
377 1301 420 1366 ut
436 1293 623 1389 objectum
648 1304 825 1390 appareat
840 1293 880 1366 in
896 1293 1067 1367 omnibus
1082 1293 1152 1368 viae

105 1405 289 1502 partibus,
308 1415 418 1500 atque
436 1405 490 1478 ite
505 1429 552 1478 ex
577 1417 701 1480 atomo
729 1407 873 1502 objecta
897 1405 942 1482 fit
968 1427 1150 1504 apparens

106 1519 218 1592 linea.

155 1629 298 1704 Conoll.
317 1652 346 1704 1.
375 1629 474 1704 Hine
498 1653 643 1729 quoque
665 1631 745 1705 tolli
771 1629 964 1705 admiratio
995 1629 1058 1704 illa
1087 1653 1152 1726 po-

103 1754 191 1833 test,
204 1740 595 1840 undefiatuteurpora
603 1743 830 1818 inflammata
840 1744 1153 1818 tantumflmnmae

104 1881 194 1932 uum
219 1856 452 1954 tam-exiguo
473 1856 637 1953 ipsorum
657 1879 852 1954 corporum
869 1857 1090 1931 detrimento
1107 1881 1152 1930 ex

103 1995 147 2044 se
175 1968 362 2043 emittant
414 1969 481 2042 Eut
506 1969 604 2042 euim
628 1971 777 2044 flamma
801 1969 892 2044 nihil
917 1968 1018 2044 aliud
1038 1991 1153 2066 quam

106 2081 442 2158 minutissimorum
459 2083 759 2180 corpusculorum
780 2083 990 2175 multitudo,
1006 2105 1088 2180 quie
1114 2093 1154 2156 et

105 2209 268 2295 propter
297 2195 504 2270 exilitatem·
532 2195 749 2288 (seeundum
778 2219 824 2270 ea
851 2219 935 2294 quae
963 2195 1154 2270 duennnnn

106 2309 231 2408 eapite
257 2321 456 2406 praesente,
481 2309 627 2384 articuli
656 2309 778 2407 quami
803 2311 997 2385 corollario
1031 2308 1155 2404 tertio)

109 2425 257 2513 latiore,
283 2433 323 2496 et
344 2433 496 2519 propter
515 2433 639 2496 mutua
663 2422 907 2512 velocitatem,
924 2435 967 2498 ut
980 2425 1058 2520 jam
1075 2423 1154 2498 dix*

112 2539 221 2627 imuS,
239 2535 409 2634 longiora
424 2535 597 2610 videntur
614 2557 724 2633 quem
741 2559 870 2612 revera
886 2547 984 2612 aunt.

163 2649 302 2724 Coroll.
320 2671 368 2723 11.
394 2649 489 2722 Item
513 2649 607 2739 illos,
632 2649 695 2748 qui
718 2659 852 2746 putant
877 2650 916 2724 in
938 2649 1156 2724 accensione

111 2763 276 2862 pulveris
289 2761 388 2859 pyrii
400 2761 496 2859 ipsas
514 2761 674 2860 pulveris
697 2763 896 2860 particulae
913 2763 1074 2860 singulae
1090 2785 1156 2860 per

111 2875 397 2951 rarefuetiunem
413 2875 590 2971 majorem
607 2897 719 2972 quam
736 2887 822 2950 mute
837 2876 960 2950 louum
977 2899 1156 2974 ouuupure

114 2990 167 3082 (id
183 2987 287 3086 quod
303 2987 496 3083 imaginari
512 3009 621 3062 nemo
636 2999 769 3086 potest,
786 3009 872 3062 cum
888 2989 985 3063 idem
1001 3011 1156 3064 numem

116 3099 423 3200 eorpuaeendem
443 3121 588 3198 semper
612 3101 749 3174 habeut
771 3103 1086 3199 magnitudinem),
1109 3102 1158 3177 ad

116 3226 193 3290 tam
219 3213 418 3288 absurdam
448 3213 669 3288 sententiam
699 3237 775 3288 non
800 3216 1005 3290 necessario
1033 3217 1156 3314 adigi3

112 3353 203 3405 uum
231 3331 354 3428 pulvis
386 3353 562 3404 accensus
591 3330 741 3426 globum
771 3329 941 3426 expellat,
970 3331 1159 3427 nunquia

117 3445 238 3542 pulvis
259 3444 383 3518 locum
407 3441 540 3539 quaerit
564 3442 790 3540 ampliorem,
816 3443 882 3518 sed
906 3467 973 3541 per
995 3445 1157 3540 puntiau-

117 3561 238 3632 larum
256 3557 468 3632 exeuntium
486 3556 729 3631 velocitatem.

172 3671 338 3746 Sentitur
353 3679 475 3742 motus
484 3679 564 3743 tum
577 3668 694 3743 solum
708 3693 793 3744 eum
806 3668 983 3744 sentimus
996 3670 1159 3743 eonverti

118 3786 270 3859 ouulum
295 3783 371 3856 sive
397 3801 503 3856 axem
527 3781 708 3879 opticmn:
735 3785 795 3858 eui
814 3783 1055 3880 pmpoeitioni
1072 3808 1159 3857 eon·

116 3909 299 3972 sentanea
306 3910 399 3970 eunt
414 3895 663 3994 experimenta
681 3921 762 3995 quae
779 3909 993 3995 sequuntur.

174 4011 347 4100 Primum,
361 4007 462 4107 quod
478 4021 600 4084 mutus
612 4011 698 4085 solia
711 4013 769 4084 vel
781 4011 889 4100 lunae,
903 4011 1060 4084 maxime
1072 4033 1159 4084 vero

117 4125 312 4198 miletum
331 4123 505 4214 fixarum,
532 4147 742 4221 quanquam
764 4124 1024 4214 velocissimum
1046 4123 1160 4197 oculis

118 4239 249 4312 tamen
274 4236 415 4334 peruipi
439 4257 515 4310 nun
540 4247 688 4332 potest;
714 4249 910 4336 propteiea
932 4237 1030 4334 quod
1050 4237 1161 4312 edis·
