2896 4914
299 322 346 398 22
686 339 739 392 nn
758 337 939 393 nummu.

114 535 210 594 suos.
224 539 262 593 11.
298 507 381 602 OB,
408 507 448 584 id
458 517 513 584 est
530 531 638 606 quam
655 506 743 599 DE,
759 515 977 582 concurrent
989 507 1146 592 alioubi;
1173 529 1327 582 coneur-

117 619 258 728 Δ,
275 683 279 711 ³
296 633 379 699 rant
391 647 479 721 ergo
495 625 534 696 in
552 625 597 698 K.
649 621 837 698 Ducentur
854 633 975 697 autem
991 623 1085 714 AH,
1104 617 1170 696 ΑΙ
1200 647 1326 697 ειιοιιι]ὸ

295 749 349 812 tes
360 739 434 812 DK
446 747 483 812 et
494 739 525 811 Ε
537 739 571 811 Κ
584 739 622 811 in
632 737 776 834 punctis
792 737 869 810 Let
886 737 938 809 M.
989 736 1081 810 Dico
1100 733 1161 809 HI
1174 737 1320 833 appari-

295 862 419 926 turum
435 874 512 924 esse
536 851 576 923 in
598 851 690 924 LM.
740 845 979 947 Apparebunt
1005 850 1101 923 enim
1127 860 1266 946 puncta
1284 851 1322 923 H

297 977 335 1040 et
352 967 369 1040 Ι
386 965 425 1039 in
448 961 644 1039 visualibus
668 964 773 1038 lineis
798 964 880 1039 AH
902 973 939 1038 et
954 963 1028 1038 ΑΙ.
1078 965 1128 1037 Et
1153 964 1326 1061 quoniam

298 1065 480 1179 objectum
504 1089 614 1176 prout
643 1090 851 1153 removetur
874 1079 1017 1188 longius
1042 1078 1168 1168 aDE,
1185 1079 1239 1150 ita
1265 1101 1328 1174 ap-

297 1201 402 1292 paret
412 1193 543 1284 minus,
562 1190 678 1267 donee
693 1203 875 1268 remotum
890 1217 1005 1291 usque
1022 1191 1071 1268 ad
1088 1194 1119 1266 B
1135 1192 1329 1289 Capparet

298 1309 337 1382 in
354 1305 435 1398 FG,
465 1320 502 1380 et
533 1307 683 1380 taudem
704 1307 854 1381 ulterius
884 1317 1065 1381 remotum
1096 1317 1249 1404 apparet
1285 1318 1329 1380 ut

298 1433 474 1521 punctum
490 1417 529 1494 iu
546 1421 581 1494 K
601 1421 715 1518 (quod
730 1431 907 1518 puuctum
926 1419 1135 1495 vocabimus
1146 1429 1328 1518 punctum

246 1622 251 1634 ¹
299 1536 575 1627 evanescentioe,
600 1531 822 1634 respondens
848 1546 986 1632 puncto
1011 1535 1111 1632 quod
1131 1534 1170 1608 in
1186 1533 1331 1630 pictura

298 1652 523 1750 perspectiva
548 1658 700 1725 vocatur
723 1656 900 1748 punctum
917 1649 1146 1724 horizoutole
1171 1659 1209 1721 et
1219 1648 1331 1746 prin-

300 1765 447 1865 cipale)
465 1767 691 1863 apparebunt
716 1765 866 1839 termini
892 1765 1037 1862 objecti,
1067 1773 1255 1861 uteunque
1284 1765 1331 1837 ab

301 1882 405 1954 oeulo
419 1875 598 1971 distantia,
611 1877 770 1954 inreotis
787 1877 868 1954 DK
885 1887 923 1952 et
938 1877 1026 1952 ΕΚ.
1069 1879 1197 1974 Itaque
1213 1901 1330 1974 pune-

299 2005 378 2070 tum
392 1993 429 2068 H
443 1991 626 2068 uidebitur
636 1993 675 2066 in
692 1991 784 2081 ΒΚ,
801 1991 1052 2091 etpunctuml
1069 1992 1108 2065 in
1124 1993 1213 2066 ΕΚ.
1259 1991 1333 2066 Sed

300 2110 427 2183 eadem
452 2118 589 2205 puncta
614 2117 791 2205 apparent
816 2109 855 2181 iu
881 2107 992 2182 rectis
1017 2107 1215 2180 visualibus
1233 2105 1329 2197 AH,

299 2224 377 2296 ΑΙ.
426 2221 664 2320 Apparebunt
687 2218 801 2320 igitur
824 2221 864 2296 in
887 2217 1204 2296 intersectionibus
1221 2219 1268 2294 ad
1298 2221 1329 2294 L

300 2348 337 2412 et
349 2335 413 2422 M3
439 2343 495 2411 est
515 2359 602 2435 ergo
627 2333 709 2410 LM
724 2338 825 2410 loeus
843 2337 978 2434 objecti
998 2337 1035 2409 H
1047 2334 1077 2409 Ι.
1129 2335 1225 2408 Data
1242 2357 1330 2432 ergo

301 2449 485 2543 distantia,
503 2453 565 2525 &e
582 2451 703 2525 locum
713 2449 849 2548 objecti
861 2460 1097 2549 apparentem
1112 2449 1328 2525 invenimus

302 2566 412 2643 Quod
430 2578 509 2640 erat
523 2561 740 2640 faciendum.

222 2733 224 2742 ·
350 2675 483 2754 Coroll.
510 2679 616 2755 Patet
627 2699 673 2754 ex
686 2681 967 2770 construetione,
978 2678 1163 2776 objectum
1175 2676 1273 2752 idem
1293 2689 1331 2752 et

300 2791 419 2867 minus
441 2805 480 2868 et
506 2793 552 2869 ab
586 2796 691 2869 oeulo
717 2794 892 2870 remotius
921 2792 1049 2884 videri,
1074 2805 1185 2891 prout
1209 2793 1331 2891 ipsum

300 2927 428 2983 revera
443 2909 617 2984 remotius
634 2919 700 2983 est.

349 3021 562 3097 Notandum
577 3033 701 3098 autem
717 3033 783 3112 est,
802 3021 902 3120 quod
919 3019 988 3096 etsi
1005 3018 1177 3096 distantia
1199 3021 1332 3118 objecti

302 3133 349 3210 ab
369 3137 474 3211 ooulo
500 3161 586 3211 vera
609 3137 788 3211 mensuris
813 3136 1048 3210 determinari
1070 3145 1204 3233 potest,
1228 3134 1332 3210 locus

301 3261 425 3324 tamen
449 3273 638 3346 apparens,
664 3249 704 3323 id
733 3264 799 3342 est,
816 3249 990 3324 distantia
1011 3249 1180 3348 imaginis
1197 3251 1275 3346 ejus
1292 3251 1332 3325 in

300 3361 437 3437 visione
464 3360 602 3436 directa
632 3365 834 3437 mensurari
866 3387 942 3438 non
971 3377 1117 3462 potest3
1160 3365 1332 3463 quoniam

300 3476 423 3574 imago
440 3497 498 3551 res
510 3487 566 3550 est
580 3495 679 3551 mere
703 3473 944 3575 phantastica

91 3603 232 3664 doum
352 3595 385 3665 5.
412 3589 452 3665 Si
480 3587 664 3688 objectum
685 3589 825 3667 duobus
851 3591 965 3668 oeulis
992 3603 1187 3692 spectetur,
1211 3594 1331 3691 sitque

90 3669 283 3795 fflffim
301 3701 475 3780 distantia
490 3715 698 3780 centrorum
714 3704 916 3782 retinamm
932 3708 1082 3806 aqualis
1107 3704 1333 3807 longitudini

89 3803 280 3919 ffiffi
300 3821 414 3919 ipsius
430 3817 563 3917 objecti
578 3821 657 3894 veri
681 3829 719 3896 et
744 3818 814 3919 ipsi
834 3821 1019 3920 parallelo,
1043 3821 1164 3919 imago
1188 3823 1267 3920 ejus
1285 3847 1332 3898 ex

87 3933 256 4060 22⁰2&
299 3931 365 4009 tali
379 3929 691 4122 ffioppitpouflatn
709 3931 929 4033 longitudini
953 3931 1066 4035 ipsius
1083 3935 1217 4035 objecti
1233 3963 1331 4014 verae

299 4071 406 4236 aeqgit
433 4160 488 4258 (in
511 4161 633 4260 figura
646 4160 771 4257 tertia)
791 4163 975 4260 objectum
990 4163 1078 4256 AB,
1096 4163 1195 4262 qnod
1210 4163 1330 4240 visum

299 4275 348 4356 sit
362 4299 386 4355 a
401 4275 541 4356 duobus
566 4277 680 4354 oeulis
706 4277 942 4354 existentibus
961 4279 1001 4354 in
1026 4279 1057 4353 C
1085 4292 1124 4354 et
1148 4279 1194 4371 D,
1211 4279 1266 4354 ita
1286 4291 1331 4356 ut
