2904 4912
328 257 400 323 380
751 274 938 328 anslaro.

8 491 9 540 ι
129 465 227 518 εισι.
240 465 294 520 111.
325 437 416 511 tiam
428 439 674 534 praestandam
690 451 776 514 ante
792 452 943 538 pactum
956 441 1103 531 initum,
1122 442 1153 515 si
1166 441 1372 538 judicasset

140 543 284 648 ᾧ
326 551 371 624 de
389 553 692 647 quaestionibus
667 555 786 648 puris,
803 579 912 629 nemo
938 555 1133 629 sententiae
1159 558 1239 652 ejus
1266 568 1371 632 tene

112 673 219 739 momen
230 677 427 738 causaretur
444 666 603 740 obedire
656 666 744 740 Sed
756 668 1006 796 cognitionem
1032 669 1127 764 juris
1151 693 1228 742 non
1256 669 1370 744 fuisse

111 747 251 856 ιιιιῗιῗ
197 814 276 857 aaa
252 750 511 853 ⁰Cnn1sro
531 781 764 854 commissam
791 781 829 853 in
855 782 926 856 hoc
952 781 1104 868 mundo,
1121 806 1245 880 neque
1270 785 1370 859 inter

111 877 290 994 ffimaed
322 890 449 966 fideles
476 917 596 988 neque
625 893 723 966 inter
744 893 921 986 infideles
946 919 992 968 ex
1015 919 1059 968 eo
1082 907 1249 992 apparet,
1269 897 1370 993 quod

111 1069 234 1116 mm
243 1021 266 1116 gt
319 1003 380 1098 jus
397 1003 532 1076 illud
505 1028 583 1078 sine
600 1006 851 1080 controversia
871 1008 1056 1120 pertineat
1078 1007 1159 1080 ad
1148 1008 1367 1105 principes,

110 1136 238 1191 ιοηιιυιοιι
238 1150 281 1182 ιιι
321 1117 498 1212 quamdiu
519 1119 730 1193 auctoritati
747 1143 874 1194 eorum
901 1146 924 1194 a
951 1121 1030 1195 Deo
1047 1145 1124 1194 non
1152 1121 1367 1218 derogatur.

322 1229 410 1304 Non
427 1242 552 1304 autem
569 1231 767 1328 derogatur
784 1243 869 1308 ante
884 1234 982 1307 diem
995 1234 1138 1330 judicii,
1156 1245 1199 1308 ut
1213 1245 1368 1331 apparet

319 1369 368 1418 ex
386 1346 506 1418 verbis
524 1347 643 1420 sancti
660 1347 763 1420 Pauli
779 1347 962 1443 loquentis
980 1347 1025 1420 de
1044 1347 1104 1422 die
1116 1347 1275 1442 judicii:
1303 1348 1367 1420 de-

321 1446 410 1518 inde
423 1446 534 1541 finis,
558 1447 678 1543 inquit
704 1447 739 1543 (1
762 1448 847 1521 Cor.
866 1473 925 1521 xv.
944 1447 1009 1542 24)
1044 1472 1124 1521 cum
1153 1447 1367 1522 tradiderit

319 1584 476 1656 regnum
502 1560 587 1632 Deo
614 1569 652 1632 et
678 1561 801 1657 patri,
836 1585 917 1633 cum
951 1560 1196 1634 evacuaverit
1226 1585 1366 1634 omnem

311 1672 574 1771 principatum
592 1681 629 1746 et
644 1681 871 1769 potestatem
889 1682 927 1746 et
944 1673 1131 1747 uirtutem.
1177 1672 1364 1764 Secundo,

317 1786 429 1859 verba
448 1785 651 1858 Servatoris
667 1786 795 1876 nostri,
813 1787 835 1859 J
838 1788 993 1860 acobum
1006 1798 1044 1859 et
1061 1787 1083 1858 J
1084 1786 1283 1877 ohannem,
1301 1788 1364 1860 ubi

318 1899 497 1972 dixissent
525 1899 630 1993 (Luc.
647 1899 696 1972 ix.
717 1900 781 1995 54)
814 1899 871 1972 oie
900 1900 1070 1972 dicamne
1098 1908 1140 1971 ut
1163 1899 1271 1997 ignia
1300 1903 1366 1972 de-

317 2012 476 2086 acendat
490 2011 537 2084 de
555 2011 649 2085 coeto
662 2021 701 2084 et
718 2020 910 2084 consumat
927 2011 1028 2100 illoc,
1041 2011 1218 2085 nimirum
1230 2012 1364 2085 Sama-

318 2125 466 2198 ritanus
489 2125 552 2221 qni
576 2135 725 2198 euntem
750 2125 790 2198 in
815 2126 1020 2200 tenestem
1046 2125 1249 2200 noluenmt
1275 2127 1361 2200 hos-

316 2238 410 2334 pitio
435 2238 613 2333 accipere,
638 2238 863 2334 increpantis
890 2239 1119 2335 dicentisque
1140 2238 1252 2334 (vers,
1270 2241 1360 2335 56):

317 2350 443 2426 Filius
459 2350 617 2424 hortinis
634 2337 707 2424 adn
727 2352 827 2424 uenit
844 2352 990 2425 animae
1001 2351 1172 2450 perdere
1198 2352 1271 2425 red
1285 2352 1364 2426 eal-

318 2489 433 2538 oare:
460 2473 498 2537 et
522 2464 586 2538 illa
615 2464 767 2558 (Matth.
785 2489 821 2538 x.
844 2466 929 2560 16):
961 2490 1047 2539 ecce
1078 2465 1186 2537 mitto
1212 2491 1292 2556 aaa,
1321 2475 1364 2539 nt

318 2601 404 2650 oues
430 2577 469 2650 in
492 2577 612 2651 medio
636 2575 829 2674 luporum:
857 2579 1023 2652 excutite
1035 2578 1244 2677 pulverem,
1261 2592 1301 2653 et
1317 2581 1363 2654 si·

316 2690 441 2764 milia:
469 2702 507 2764 et
524 2690 636 2764 verba
651 2690 714 2763 illa
734 2690 771 2784 (J
774 2691 832 2764 oh.
852 2691 905 2764 iii.
924 2691 984 2787 17)
1003 2715 1012 2763 ι
1039 2715 1110 2764 non
1133 2691 1239 2764 misit
1255 2691 1363 2766 Deua

303 2803 432 2897 filium
450 2829 553 2877 suum
571 2803 610 2875 in
628 2801 723 2875 hunc
741 2802 922 2894 mundum,
946 2812 989 2875 ut
1004 2803 1157 2898 judicet
1175 2803 1361 2894 mundum,

316 2918 387 2991 aad
415 2926 456 2989 ut
481 2915 650 2990 calcetur
667 2914 822 2987 manduc
844 2940 917 3013 per
946 2915 1072 2988 illum:
1099 2925 1138 2989 et
1165 2916 1232 2990 illa
1260 2916 1360 3012 (Joh.

314 3029 377 3102 xii.
396 3029 489 3125 47):
516 3029 552 3102 ci
569 3027 655 3126 quie
672 3027 841 3100 audierit
866 3026 980 3100 uerba
1006 3051 1088 3100 meu
1115 3037 1154 3100 et
1178 3053 1252 3102 noa
1277 3053 1361 3102 cuc-

316 3142 485 3229 todierit,
512 3165 584 3239 ego
612 3165 684 3214 nou
698 3139 835 3235 judico
854 3164 963 3224 eum;
990 3165 1063 3212 non
1087 3141 1183 3212 enim
1200 3142 1298 3232 veni,
1315 3152 1358 3216 at

305 3255 475 3351 judicem
492 3253 673 3344 mundam,
687 3265 772 3327 etc:
799 3252 1001 3326 ostendunt
1016 3277 1093 3326 non
1107 3252 1222 3326 fuisse
1234 3254 1359 3328 datam

314 3368 350 3442 ei
365 3377 587 3466 potestatem
606 3391 827 3464 quemquam
852 3364 1134 3456 condemnandi,
1158 3377 1225 3440 aut
1246 3369 1357 3464 puni-

315 3482 412 3557 endi.
440 3483 591 3579 Legitur
602 3481 751 3579 quidem
762 3481 797 3574 (J
799 3480 859 3552 oh.
870 3503 905 3552 V.
922 3481 986 3573 22)
1004 3506 1013 3550 :
1027 3488 1147 3577 puter
1165 3504 1239 3552 non
1246 3481 1358 3576 judi-

315 3606 380 3670 cat
413 3618 642 3694 quemqnam,
676 3593 747 3666 aed
775 3617 878 3665 omne
897 3592 1086 3687 judicium
1111 3591 1221 3665 dedit
1241 3592 1356 3688 filia:

313 3711 405 3786 illud
433 3733 533 3800 vero,
564 3731 649 3782 cum
677 3706 833 3802 intelligi
858 3705 974 3802 possit
1000 3716 1038 3778 et
1061 3704 1195 3779 debeat
1223 3705 1270 3779 de
1295 3706 1356 3780 die

309 3825 442 3923 judicii
454 3823 582 3914 futuri,
596 3821 897 3896 antecedentibus
914 3843 991 3894 non
1003 3830 1198 3916 repugnat.
1244 3819 1355 3902 Quod

296 3940 472 4037 *denique
495 3938 625 4012 missus
650 3961 726 4010 non
752 3935 800 4009 sit
825 3933 874 4008 ad
899 3934 999 4031 leges
1028 3957 1143 4008 novas
1169 3931 1351 4024 ferendas,

312 4077 433 4152 neque
467 4076 554 4148 ergo
588 4049 701 4124 fuerit
717 4099 719 4104 -
735 4066 780 4122 ex
811 4048 931 4122 officio
961 4057 998 4120 et
1025 4046 1199 4120 missione
1234 4045 1351 4143 legia-

295 4167 413 4242 tator,
429 4165 578 4263 proprie
595 4163 727 4253 dictus,
750 4161 859 4236 sicuti
875 4185 995 4258 neque
1018 4160 1154 4249 Moses,
1173 4157 1240 4232 sed
1256 4158 1353 4232 lator

311 4293 348 4354 et
376 4279 628 4377 promulgator
655 4278 779 4374 legum
809 4285 1046 4376 paternarum
1083 4273 1201 4372 (Deus
1236 4270 1347 4364 enim,
