2834 4912
385 311 440 366 nn
459 309 604 368 osusis
624 307 844 365 uivins‘ns.
1062 291 1135 362 on

92 485 278 554 enarum
298 501 423 556 rerum
439 477 663 579 agendorum
681 501 802 554 oense.
855 475 926 553 Hae
948 477 1025 576 lam
1042 497 1137 576 peo-
1164 503 1327 560 suenni.

91 613 194 666 sona
222 589 353 668 eioiles
375 603 495 684 erunt,
519 603 562 668 ut
588 590 798 669 sodalitates
824 599 1081 681 mercatorum,
1099 597 1137 664 et
1174 583 1342 692 4,,

91 714 297 780 conventus
319 703 382 782 alii
405 705 685 806 quamplurimi3
712 705 887 782 oioitates
909 713 1032 780 tamen
1059 727 1135 778 non

90 829 193 908 sunt,
211 817 299 916 qnia
314 843 389 895 non
406 821 641 920 subjeoeiunt
665 843 704 896 su
728 819 908 895 voluntati
934 827 1137 894 eonventus

90 929 320 1029 simpliciter,
348 933 452 1010 etin
480 933 662 1026 omnibns,
689 931 754 1010 sed
783 931 821 1008 in
849 931 959 1008 certis
982 931 1138 1006 rebusn

89 1043 244 1120 civitate
266 1045 538 1134 determinatim
565 1059 676 1146 atque
695 1047 749 1121 ita
774 1057 817 1120 ut
833 1045 984 1120 cuilibet
1010 1067 1136 1120 eornm

90 1167 225 1232 eontra
238 1157 358 1256 ipsum
372 1183 508 1260 eornm
524 1159 744 1236 sodalitatis
755 1157 978 1234 contendere
996 1157 1137 1256 judicio

89 1267 235 1344 licitum
253 1271 303 1347 sit
318 1271 417 1370 apud
433 1273 545 1360 elion
571 1271 669 1370 qnod
692 1272 766 1348 eioi
791 1283 921 1348 contra
947 1273 1137 1348 ciuitatem

89 1383 236 1458 licitum
259 1409 334 1461 non
352 1396 418 1462 est.
470 1387 689 1486 Hujusmodi
707 1385 819 1483 igitur
835 1385 1039 1462 societates
1052 1395 1138 1460 sunt

83 1521 267 1596 porsessa
285 1498 427 1592 ciuiles,
444 1499 592 1576 oioitati
608 1499 867 1575 subordinatis.

145 1617 205 1685 ll.
233 1611 277 1686 In
308 1612 408 1687 omni
438 1612 599 1706 civitate,
627 1611 730 1688 loosso
756 1611 829 1704 ille,
854 1611 912 1687 vel
943 1609 1137 1688 consiliata
1147 1612 1311 1727 mm

89 1721 198 1812 illud,
225 1725 331 1828 eujus
347 1725 529 1802 voluntati
546 1723 680 1824 singuli
698 1725 925 1800 voluntatem
943 1749 1059 1816 snam,
1085 1725 1137 1802 ite
1148 1747 1272 1826 nomon
1286 1751 1308 1791 s

89 1849 134 1912 ut
150 1835 293 1912 dietum
307 1849 375 1930 est,
388 1839 634 1938 subjecerunt,
647 1859 830 1914 sunnin
852 1859 1135 1930 uounsnnnnn,
1148 1809 1316 1872 ‘'mimi''

89 1947 170 2024 sive
189 1969 375 2026 sunnon
406 1973 638 2042 mnemon,
661 1951 737 2026 sive
755 1973 981 2026 nonimun
1000 1949 1136 2028 habere

89 2061 242 2136 dieitur.
286 2063 380 2140 Quae
391 2072 569 2163 potestas
583 2073 621 2138 et
629 2063 698 2160 jas
715 2061 927 2164 ioaieraasli
944 2063 981 2138 in
993 2087 1136 2138 eonon-

89 2173 204 2266 sistit,
223 2173 322 2272 quod
348 2176 597 2276 unnsquisque
614 2177 748 2252 civium
766 2201 911 2253 omnem
935 2199 1039 2254 niam
1061 2176 1136 2252 vim

90 2299 132 2362 et
170 2287 388 2386 potentiam,
423 2289 462 2366 in
495 2289 598 2366 iilum
631 2289 819 2382 homiaem,
852 2289 910 2366 vei
944 2289 1138 2366 aoaoiliaos

91 2401 296 2478 transtulit.
349 2401 460 2480 Quod
480 2403 621 2496 iecisse,
639 2403 725 2503 quia
739 2403 815 2479 vim
831 2427 935 2480 suom
961 2403 998 2478 in
1026 2403 1137 2479 elium

92 2515 298 2592 nannieno
326 2517 484 2593 naturali
514 2516 625 2593 modo
649 2541 758 2594 nemo
779 2527 914 2616 potest,
930 2514 1021 2591 nihil
1038 2513 1138 2590 aliud

92 2639 161 2716 est,
180 2653 293 2728 quoni
310 2629 453 2729 dejure
469 2655 536 2706 suo
552 2631 745 2710 resistendi
763 2631 969 2709 decessisse,
997 2627 1139 2704 Oioiam

93 2744 358 2842 unusquisque,
369 2745 465 2820 siout
478 2745 587 2821 etiam
602 2745 721 2820 omnis
731 2768 900 2846 persona
914 2739 1036 2819 eioilis
1053 2739 1138 2814 sab-

93 2855 288 2949 ordinata,
306 2859 397 2956 ejus,
411 2857 474 2956 qui
491 2883 672 2934 summum
689 2857 883 2956 imperium
899 2855 1022 2948 habet,
1041 2875 1139 2931 sun·

96 2991 224 3047 ninus
242 2971 458 3069 appellatur.

148 3091 207 3160 12.
234 3083 290 3158 Ex
308 3095 395 3160 ente
413 3083 521 3160 dietis
538 3083 627 3160 satis
644 3095 830 3160 osoensnm
848 3093 916 3175 est,
940 3105 1013 3182 qno
1029 3077 1139 3156 modo
1152 3093 1349 3154 mosomio

94 3207 132 3271 et
161 3196 297 3295 quibus
322 3197 497 3298 gradibus
527 3197 648 3274 malta
669 3221 848 3298 persona
873 3194 1071 3272 natarales
1101 3191 1139 3269 in
1152 3165 1349 3272 imi-lif

95 3335 204 3386 anam
214 3333 420 3412 peosoaaoa
437 3309 593 3404 oioileoa,
610 3337 719 3410 quum
738 3311 927 3388 oioitateae
944 3308 1141 3408 appellavi·

96 3447 188 3514 mus,
206 3423 332 3500 studio
349 3447 429 3500 sese
445 3423 685 3500 conservandi
702 3435 831 3500 mutuo
844 3435 946 3500 metu
960 3423 1139 3498 maluere.

97 3537 285 3614 Catonum
302 3537 365 3636 qui
392 3561 431 3614 se
449 3536 649 3636 subjiciunt
675 3535 781 3612 altori
811 3545 962 3635 propter
988 3547 1139 3626 metum,

96 3651 151 3726 vel
176 3651 250 3750 ipsi
269 3675 377 3750 quem
394 3661 566 3728 metuunt
591 3675 631 3726 se
648 3648 859 3749 subjiciunt,
876 3647 934 3724 vel
952 3645 1060 3723 nlioui
1077 3645 1139 3720 olii

98 3765 153 3839 oui
171 3762 379 3857 confidunt,
395 3775 439 3840 ut
455 3763 503 3840 ab
520 3787 565 3840 eo
581 3773 834 3862 protegantur.
888 3760 1012 3838 Priore
1029 3759 1140 3834 modo

97 3877 239 3954 {edunt
254 3875 352 3954 bello
366 3875 468 3968 vieti,
487 3875 792 3962 aemulantum
818 3873 1034 3975 posteriore,
1047 3893 1140 3946 non-

99 3989 185 4066 dum
219 3987 323 4082 viai,
355 4013 404 4066 ne
436 3989 644 4066 vincuntur,
697 3987 801 4066 Piior
830 3984 961 4064 modus
994 3983 1139 4060 initium

99 4103 210 4180 habet
236 4103 456 4204 opolentia
468 4101 651 4194 aataaali,
684 4111 722 4176 et
740 4101 811 4176 diei
835 4107 957 4200 potest
983 4097 1141 4174 civitatis

99 4217 211 4318 origo
219 4211 1142 4316 setasolis5postorioraeaesilioeteooatitatioae

101 4329 324 4424 coeuntium,
348 4353 431 4430 quoe
453 4331 565 4432 origo
594 4355 641 4406 ea
661 4327 834 4405 institato
851 4337 918 4403 ea.
971 4323 1069 4402 Hine
1086 4335 1143 4400 est
