2912 4912
197 309 253 362 na
273 308 381 361 naun
400 307 580 362 Nur-unm
601 307 724 360 cruca
744 306 1027 361 courascrus.
1085 289 1149 369 171

105 474 166 548 vel
192 475 408 573 simpliciter
440 475 644 566 renunciat,
667 474 726 548 vel
752 473 792 548 in
818 473 932 548 alium
965 471 1152 548 transfert.
1183 509 1346 563 ,mm

105 589 345 688 Simpliciter
368 589 577 676 renunciat,
595 588 658 684 qui
676 588 781 685 signo
799 586 858 662 vel
875 586 989 684 signis
1011 586 1154 661 idoneis
1192 591 1337 695 ,ξω

105 700 283 792 declarat,
300 701 394 775 velle
411 725 452 774 ss
468 725 543 775 non
560 702 704 775 licitum
720 700 791 774 sibi
806 699 962 796 amplius
978 699 1057 774 fore
1074 722 1154 773 oer-
1167 719 1272 829 m
1282 785 1310 828 ὼ

104 825 186 888 tum
203 815 346 912 aliquid
361 814 495 904 facere,
513 814 614 912 quod
622 814 716 910 jare
727 825 838 888 antea
852 811 983 886 fecisse
994 823 1152 909 poterat.
1162 851 1268 908 jum...
1277 849 1331 908 qur

109 927 318 1025 Transfer!
335 938 460 1001 autam
478 928 517 1000 in
541 927 710 1016 alterum,
728 925 792 1022 qui
821 925 926 1022 signo
950 925 1010 999 vel
1039 915 1223 1022 signisillud
1232 914 1357 960 mm*

104 1042 247 1116 idoneis
273 1041 327 1114 illi
353 1041 472 1130 alteri,
491 1040 530 1115 id
546 1041 654 1137 juria
670 1039 809 1114 volenti
835 1040 882 1112 ab
905 1062 950 1112 eo
972 1039 1153 1136 accipere,

105 1156 271 1230 declarat
286 1155 379 1228 velle
396 1178 528 1229 senon
551 1155 694 1228 licitum
712 1153 782 1227 sibi
798 1152 955 1249 amplius
971 1152 1052 1227 fore
1081 1153 1153 1248 ipsi

102 1265 277 1342 resistere
295 1279 437 1342 certum
460 1267 600 1364 aliquid
626 1267 763 1364 agenti,
786 1277 898 1363 prout
923 1266 958 1339 ei
982 1266 1154 1340 resistere

93 1383 187 1476 jare
227 1394 341 1455 antea
375 1392 534 1479 poterat.
609 1379 720 1454 laria
762 1390 888 1454 autem
929 1379 1154 1454 translatio-

100 1519 183 1568 nem
209 1495 251 1567 in
278 1495 357 1568 sola
384 1518 461 1568 non
488 1494 696 1567 resistentia
722 1493 932 1582 consistere,
958 1517 1005 1566 ex
1025 1516 1070 1568 eo
1096 1495 1154 1568 in-

100 1609 298 1704 telligitur,
336 1607 437 1703 quod
473 1617 559 1680 ante
586 1607 680 1704 jun's
719 1607 1008 1698 translationem,
1035 1607 1079 1696 is,
1114 1607 1154 1680 in

100 1744 214 1818 quem
231 1720 465 1810 mansfertur,
481 1721 542 1816 jus
563 1719 723 1792 habebat
741 1720 917 1815 jamtum
943 1719 983 1794 in
1006 1719 1152 1804 omnia;

98 1834 201 1908 unde
219 1859 358 1908 novum
365 1835 436 1930 jar
453 1833 541 1908 dare
557 1856 634 1906 non
650 1833 784 1930 potuit,
802 1832 868 1906 sed
880 1835 981 1930 justa
996 1832 1153 1906 transfe-

98 1948 218 2022 rentis
241 1947 461 2037 resistentia,
477 1957 628 2044 propter
648 1971 760 2044 quam
766 1947 860 2042 jure
886 1971 952 2021 suo
969 1947 1063 2020 alter
1079 1946 1153 2022 frui

99 2087 177 2136 non
193 2062 331 2158 potuit,
348 2061 587 2158 extinguitur.
641 2061 861 2156 Quicunque
883 2059 997 2156 igitur
1003 2061 1074 2155 jar
1090 2084 1152 2134 ac-

99 2175 218 2272 quirit
233 2175 274 2248 in
290 2183 390 2248 statu
401 2174 593 2248 hominum
609 2173 780 2263 naturali,
797 2173 837 2246 id
852 2173 931 2270 agit
947 2183 1093 2248 tantum
1109 2185 1153 2247 ut

100 2313 232 2362 secure
247 2298 287 2362 et
306 2288 385 2362 sine
399 2288 500 2384 justa
515 2287 785 2382 molestiajare
802 2311 869 2360 suo
880 2287 1062 2386 primevo
1078 2287 1152 2362 frui

98 2402 231 2499 possit.
283 2399 450 2496 Exempli
468 2425 589 2489 causa,
608 2400 639 2474 si
657 2399 737 2496 quis
749 2399 906 2474 fundum
919 2425 1027 2475 suum
1043 2401 1150 2476 alteri

98 2515 157 2589 vel
175 2538 313 2588 venum
336 2512 396 2587 vel
426 2512 524 2587 dono
549 2511 705 2602 dederit,
725 2513 794 2586 sibi
819 2512 888 2587 soli
907 2515 977 2609 jur
999 2513 1039 2588 in
1066 2537 1151 2588 eum

98 2628 269 2718 fundum,
287 2651 364 2701 non
382 2626 462 2700 aliis
479 2628 568 2700 item
585 2625 726 2700 adimit.

151 2751 187 2816 5.
214 2741 430 2838 Reqmritur
452 2751 575 2814 autem
599 2740 648 2814 ad
658 2740 765 2836 juria
783 2739 1069 2813 translationem
1086 2764 1150 2814 vo·-
1162 2758 1331 2838 Adrum

97 2857 223 2930 luntas
235 2879 312 2928 non
328 2854 438 2928 modo
451 2854 719 2938 transferentis,
742 2852 808 2926 sed
824 2854 935 2928 etiam
955 2865 1150 2951 acceptan-
1162 2837 1336 2934 wlf}

99 2969 159 3043 tis.
214 2969 255 3042 Si
280 2967 419 3042 utravis
453 2969 559 3058 absit,
576 2969 645 3064 jae
678 2979 816 3042 manet.
868 2967 954 3042 Non
989 2967 1089 3041 enim
1119 2968 1149 3042 si
1160 2953 1341 3078 &ww

100 3083 200 3180 quod
219 3105 345 3155 meum
368 3091 425 3156 est
452 3082 619 3178 accipere
643 3081 830 3155 recusanti
847 3080 935 3156 dure
958 3081 1150 3172 voluerim,

97 3206 298 3293 propterea
323 3194 537 3290 simpliciter
556 3195 640 3292 jure
658 3217 740 3268 meo
764 3195 989 3286 renunciavi,
1008 3195 1085 3270 sive
1101 3195 1151 3269 ad

98 3309 302 3408 quemlibet
335 3308 519 3382 transtuli.
585 3306 683 3382 Nam
712 3331 834 3397 causa,
862 3319 1150 3405 propterquam

96 3425 162 3498 uni
180 3423 270 3496 dare
286 3422 398 3512 volui,
417 3422 455 3494 in
471 3446 516 3496 eo
533 3445 608 3495 uno
626 3433 694 3511 est,
711 3421 750 3494 in
769 3422 913 3496 caeteris
930 3447 1006 3496 non
1023 3423 1124 3498 item.

146 3546 182 3611 6.
210 3536 422 3609 Voluntatis
439 3546 565 3609 autem
580 3535 717 3632 injure
738 3537 798 3608 vel
827 3536 1067 3634 relinquendo
1090 3539 1146 3615 rel
1161 3553 1288 3598 Verbum

96 3650 369 3739 transferendo
387 3650 419 3722 si
446 3650 552 3746 signa
568 3648 670 3723 nulla
695 3649 767 3724 alia
788 3651 997 3724 exstiterint
1013 3663 1149 3747 praeter
1160 3621 1362 3743 mmor.

96 3765 221 3854 uerba,
258 3763 373 3836 verba
404 3787 448 3836 ea
481 3763 530 3836 de
539 3763 728 3861 prasenti
753 3764 813 3836 vel
837 3766 1042 3862 preterito
1070 3787 1148 3838 esse

96 3889 257 3974 oportet.
310 3877 407 3949 Nam
424 3877 455 3950 si
472 3876 521 3950 de
535 3876 679 3973 saturo
696 3876 781 3966 sint,
799 3877 891 3951 nihil
909 3877 1146 3950 transferunt.

98 3991 171 4065 Qui
185 3990 299 4078 enim,
326 3989 483 4085 exempli
505 4013 626 4079 causa,
644 3990 690 4062 de
715 3989 842 4092 ¹futuro
868 3991 919 4064 sic
937 3989 1039 4080 dicit,
1058 4013 1148 4064 cras

96 4105 208 4195 dabo,
224 4115 351 4200 aperte
365 4103 548 4200 significat
565 4127 640 4177 non
655 4127 693 4177 se
708 4103 864 4178 dedisse.
907 4105 1003 4177 Toto
1020 4103 1146 4200 itaque
