2864 4924
312 309 361 382 20
696 323 750 378 ns
769 323 950 378 uomina.

131 527 227 582 secr,
240 527 279 584 n.
364 493 544 569 Praeterea
559 491 712 592 angulus
727 491 893 583 visorius‚
911 491 976 566 sub
990 513 1062 588 quo
1075 489 1258 588 objectum
1274 489 1335 564 ali-

136 607 278 715 ss„
316 607 414 707 quod
428 605 583 698 videtur,
600 605 691 681 adeo
707 629 840 704 parvus
853 627 930 681 esse
941 615 1074 704 potest,
1087 615 1130 678 ut
1147 603 1245 679 aetio
1262 603 1337 701 ejus

314 721 543 820 imprimatur
559 719 597 794 in
613 719 778 812 retinam,
795 719 996 817 inponam,
1009 715 1159 816 physico
1177 715 1335 816 quidem,

315 834 380 911 sed
397 833 497 910 omni
512 843 635 908 tamen
658 841 795 931 puncto
820 831 972 932 physico
998 831 1084 907 dato
1109 831 1264 923 minore,
1290 830 1339 905 ita

315 960 357 1025 ut
374 957 650 1047 quantacunque
663 945 777 1022 sitris
790 945 942 1021 aetionis
955 945 1099 1044 objecti,
1111 944 1203 1020 nihil
1215 955 1337 1020 tomen

315 1061 481 1138 videatur
492 1071 625 1160 prater
637 1073 813 1159 punctum
825 1059 1027 1160 physicum,
1040 1059 1107 1135 etsi
1122 1059 1212 1135 illud
1225 1083 1338 1158 pune-

316 1185 395 1251 tum
412 1175 543 1251 elarius
560 1175 663 1250 sitin
680 1175 821 1250 actione
838 1175 924 1249 forti
941 1197 1048 1273 quom
1066 1175 1104 1248 in
1123 1173 1244 1250 debili.

109 1305 266 1368 metat
367 1297 402 1366 3.
429 1289 472 1364 In
483 1289 582 1365 omni
591 1288 728 1364 visione
740 1289 888 1381 directa,
899 1288 1003 1364 ¹loeus
1016 1289 1150 1386 objecti
1163 1311 1340 1388 apparens

108 1385 274 1500 ffiss
318 1403 392 1480 sive
408 1403 509 1479 locus
531 1403 699 1502 imaginis
719 1415 775 1478 est
801 1403 895 1479 citra
915 1403 1035 1478 locum
1056 1403 1133 1501 ejus
1149 1425 1291 1496 rerum,
1307 1415 1343 1478 et

108 1500 289 1620 mm
318 1517 437 1592 minor
452 1517 543 1615 ipso.

109 1633 307 1696 mmm
369 1631 424 1707 Sit
446 1633 629 1730 objectum
657 1630 710 1728 (in
726 1631 788 1728 fig.
811 1635 846 1726 l)
873 1629 948 1705 AB
970 1628 1067 1705 linea
1087 1639 1200 1720 recta,
1216 1629 1343 1704 retina

177 1805 182 1812 .
318 1745 521 1839 arousOD‚
539 1756 703 1821 centrum
717 1746 794 1842 ejus
806 1744 847 1819 E.
899 1743 990 1820 Dico
1007 1741 1344 1842 ABapparituram

319 1883 397 1935 esse
415 1857 507 1934 eitra
522 1859 610 1950 AB,
636 1869 728 1957 puta
749 1857 789 1932 in
805 1857 887 1948 Fa,
912 1868 948 1932 et
971 1881 1048 1931 esse
1070 1857 1140 1932 FG
1165 1855 1343 1931 minorem
1414 1885 1415 1888 ¹

319 1971 399 2071 ipsa
413 1971 501 2046 AB.
1414 2015 1415 2074 t

370 2084 598 2184 intelligatur
614 2083 646 2158 Α
663 2107 747 2183 pars
765 2082 897 2181 objecti
914 2081 1006 2158 adeo
1024 2081 1165 2182 exigua,
1177 2092 1221 2158 ut
1237 2105 1262 2157 a
1274 2079 1346 2156 dis·
1414 2135 1415 2162 2

318 2199 435 2275 tantia
450 2197 538 2288 Aa,
565 2197 642 2272 sola
665 2196 832 2288 existens,
858 2221 932 2272 non
955 2195 1068 2295 possit
1084 2195 1225 2282 videri;
1251 2195 1346 2270 simi·
1414 2255 1415 2266 ,

320 2311 405 2387 liter
432 2323 595 2387 sumatur
621 2311 692 2386 aiia
713 2335 798 2409 pars
820 2311 869 2402 H,
888 2335 968 2409 quae
986 2311 1033 2386 sit
1049 2311 1117 2409 ipsi
1134 2311 1169 2386 A
1186 2309 1346 2409 requalm
1414 2355 1415 2416 j

320 2423 443 2524 itaque
476 2449 544 2500 neo
578 2449 632 2516 eo,
666 2425 696 2500 si
731 2425 808 2501 sola
841 2437 947 2517 esset,
980 2425 1189 2512 rideretur;
1223 2437 1348 2501 movet

322 2549 445 2614 tomen
462 2539 606 2614 oculum
628 2549 794 2639 utraque,
819 2539 930 2615 etiam
953 2539 1041 2629 sola,
1067 2563 1197 2639 nempe
1213 2539 1349 2638 parsA
1414 2639 1415 2644 Ν

320 2663 541 2752 porrectam
564 2653 650 2745 ΑΕ,
676 2665 713 2728 et
735 2677 820 2752 pars
844 2653 879 2728 H
907 2675 973 2752 per
999 2663 1138 2730 rectam
1160 2653 1251 2746 ΗΕ,
1270 2676 1350 2752 qnae

322 2777 432 2843 rectos
450 2779 677 2866 convergunt
696 2789 811 2866 usque
831 2765 879 2842 ad
899 2791 1089 2842 occursum
1106 2767 1145 2843 in
1162 2779 1293 2843 centro
1310 2769 1349 2842 Ε.

325 2881 506 2960 Quoniam
523 2893 645 2957 autem
657 2881 860 2979 conjunctis
873 2881 1031 2979 ipsarum
1044 2881 1281 2980 partiumque
1298 2882 1351 2955 in-

323 2995 581 3071 termediamm
606 2995 743 3071 viribus
773 2995 817 3069 fit
845 2993 936 3070 risio
963 2993 1076 3069 totius
1103 2994 1199 3085 AH,
1222 2995 1350 3084 idest,
1414 3025 1415 3064 1

324 3109 445 3208 imago
462 3109 538 3206 ejus
555 3107 687 3206 aliqua,
704 3109 825 3206 imago
842 3107 904 3183 illa
919 3109 1108 3207 apparebit
1124 3133 1170 3184 ex
1187 3129 1232 3183 ea
1248 3121 1352 3207 parte

325 3221 388 3296 ubi
403 3221 499 3297 vires
515 3221 798 3320 conjunguntur,
816 3219 854 3296 id
871 3233 937 3312 est,
952 3245 995 3296 ex
1009 3244 1053 3296 ea
1063 3233 1168 3320 parte
1184 3221 1249 3296 ubi
1266 3221 1351 3312 ΑΕ,

327 3335 406 3409 HE
424 3346 660 3434 convergunt,
678 3335 716 3411 id
733 3335 831 3435 quod
848 3345 903 3414 est
915 3336 1008 3411 eitra
1024 3336 1207 3434 objectum
1224 3359 1352 3410 verum

325 3449 402 3524 ΑΒ
429 3449 572 3542 alieubi,
599 3465 689 3548 puta
713 3451 751 3525 in
776 3451 855 3537 um
888 3449 1071 3526 videbitur
1095 3473 1183 3548 ergo
1208 3450 1244 3524 Α
1271 3473 1353 3524 eom

325 3563 490 3661 partibus
507 3563 575 3639 sibi
587 3563 761 3662 proximis
778 3565 816 3639 in
830 3575 931 3639 reeta
947 3565 1021 3640 ΛΕ
1038 3563 1085 3638 ad
1102 3575 1244 3663 partem
1260 3565 1301 3655 1³¹,
1319 3573 1354 3637 et

326 3699 411 3775 pars
436 3677 471 3752 H
500 3701 584 3752 eum
609 3677 682 3754 suis
707 3677 835 3754 ricinis
861 3677 908 3753 ad
931 3687 1074 3776 portem
1104 3678 1134 3768 1,
1162 3689 1353 3776 totumque

326 3791 408 3866 ΑΗ
426 3791 615 3890 apparebit
630 3791 669 3868 in
688 3791 756 3884 lii,
777 3816 858 3892 quae
875 3803 930 3867 est
947 3793 1027 3890 ipsa
1042 3791 1123 3866 ΑΗ
1138 3791 1271 3866 minor.
1299 3791 1354 3866 Ob

326 3905 478 3980 eandem
505 3907 684 3981 rationem
714 3905 895 3982 videbitur
913 3906 989 3981 ΒΚ
1013 3907 1052 3981 ίη
1078 3907 1162 3995 GL,
1180 3917 1217 3979 et
1233 3915 1354 3980 totum

326 4018 507 4115 obiectum
521 4019 597 4096 AB
614 4018 652 4095 in
669 4019 750 4096 PG.
802 4021 979 4120 Itaquein
992 4021 1091 4096 omni
1103 4019 1242 4096 visione
1255 4035 1356 4098 reeta

326 4132 427 4208 loeus
460 4133 628 4234 imaginis
666 4145 721 4210 est
759 4136 852 4212 eitra
888 4135 1070 4234 objectum
1109 4157 1248 4227 rerum,
1287 4149 1354 4210 ete.

328 4247 439 4324 Quod
455 4260 534 4324 erat
548 4248 788 4348 probandum.
