2904 4912
252 307 305 358 nn
326 307 468 360 nnouo
488 308 560 361 nnr
581 306 849 362 insanorum
869 308 1035 360 Novum.
1092 293 1166 360 413

122 475 238 548 scuris
252 476 454 572 Scripturas
470 477 560 552 locis
577 478 716 574 aliquid
734 478 846 553 statui
862 501 969 574 posse
983 475 1165 573 judicant,
1195 505 1292 556 sicr,
1307 506 1360 556 111,

122 589 328 663 tollendum
351 590 522 686 judicant
539 602 576 665 et
602 593 779 665 sermonis
796 615 915 681 usum,
941 601 979 664 et
996 614 1072 663 una
1088 612 1166 662 om·
1207 584 1350 686 „L

122 725 209 774 nem
231 703 446 778 societatem
470 703 690 790 humanam;
722 704 820 778 dicet
837 704 936 778 enim
959 703 1022 800 qui
1038 701 1167 777 vendi·
1182 721 1331 766 ctutum

123 814 221 888 derit
254 825 375 890 totum
405 841 548 913 agrum,
577 841 654 890 esse
690 826 811 891 totum
836 840 912 890 uno
946 815 1095 912 cespite,
1130 826 1168 887 et
1180 787 1370 909 {lfflss'ss

122 928 307 1025 reliquum
338 941 514 1026 tanquam
544 955 620 1004 non
649 931 839 1004 venditum
869 929 1066 1003 retinebit:
1093 927 1167 1000 imo
1179 917 1372 1040 mm

122 1043 241 1138 ipsam
267 1043 366 1116 tollit
392 1043 584 1134 rationem,
611 1067 691 1139 quae
718 1043 809 1118 nihil
835 1041 935 1117 eliud
961 1053 1015 1115 est
1031 1047 1267 1138 praeter-⁸⁶00·

123 1155 289 1228 veritatis
314 1179 381 1251 per
398 1157 511 1230 talem
536 1179 756 1230 consensum
783 1155 893 1230 factae
920 1154 1166 1252 investigatio.
1312 1143 1316 1156 '

123 1267 349 1364 Hujusmodi
373 1270 499 1366 itaque
517 1271 739 1366 quaestiones
764 1293 839 1343 non
868 1292 1018 1342 necesse
1044 1278 1169 1342 estut

122 1381 344 1455 determinet
361 1382 489 1456 civitas
506 1407 573 1479 per
599 1383 940 1478 interpretationem
968 1382 1168 1477 Scripturae

123 1495 260 1567 Sacrae.
313 1495 399 1568 Non
427 1495 525 1568 enim
550 1495 739 1590 pertinent
769 1494 818 1568 ad
844 1493 989 1569 verbum
1015 1493 1100 1581 Dei,
1124 1517 1167 1566 eo

124 1629 235 1679 sensu
252 1631 325 1703 quo
354 1608 511 1681 sumitur
526 1608 681 1681 verbum
699 1608 768 1680 Dei
791 1631 859 1703 pro
885 1606 993 1680 uerbo
1010 1606 1057 1678 de
1073 1608 1168 1692 Deo,

123 1719 164 1792 id
181 1731 249 1810 est,
268 1720 442 1793 doctrina
458 1721 722 1820 Euangelicu;
747 1745 868 1818 neque
885 1720 1080 1817 obligatur,
1105 1720 1169 1815 qui

122 1834 237 1905 habet
253 1831 419 1905 eccksioe
437 1833 639 1929 imperium,
659 1834 706 1908 ad
724 1833 934 1930 hujusmodi
947 1833 1087 1930 judicia
1103 1833 1169 1906 ad-

123 1945 251 2016 hibere
277 1943 448 2016 doctores
475 1945 761 2018 ecclesiasticos.
815 1945 1088 2020 Quaestionibus
1104 1970 1170 2019 au-

123 2067 202 2130 tem
226 2057 326 2146 fidei,
350 2057 389 2130 id
413 2071 481 2148 est,
499 2058 546 2130 ds
569 2059 663 2148 Deo,
682 2083 765 2156 quae
792 2071 941 2156 captum
967 2060 1170 2132 humanum

123 2181 313 2268 superant,
332 2170 556 2258 decidendis,
581 2195 672 2268 opus
689 2183 745 2247 est
769 2171 1026 2247 benedictione
1046 2172 1170 2246 divina

127 2286 191 2378 (ne
208 2284 389 2380 possimus
406 2283 495 2373 falli,
514 2284 644 2359 saltem
660 2287 699 2359 in
722 2287 952 2382 necessariis)
971 2311 1038 2384 per
1055 2287 1170 2385 impo-

123 2398 295 2472 sitionem
308 2421 473 2470 mansum
483 2397 529 2470 ab
542 2398 622 2493 ipso
637 2399 822 2473 Cnmsro
836 2401 1045 2474 derivanda.
1073 2401 1171 2474 Nam

125 2510 275 2587 eumad
292 2509 448 2583 salutem
465 2520 642 2584 aeternam
668 2512 873 2608 obligemur
890 2512 939 2586 ad
964 2512 1171 2586 doctrinam

124 2624 454 2721 supernaturalem,
474 2635 511 2697 et
539 2649 649 2720 quam
665 2637 862 2722 propterea
892 2626 1098 2722 intelligere
1115 2637 1172 2700 est

126 2736 364 2834 impossibile,
392 2737 445 2809 ita
470 2737 633 2823 destitui,
660 2749 703 2811 ut
728 2738 807 2812 falli
833 2740 1014 2836 possimus
1041 2740 1080 2812 in
1105 2765 1171 2814 ne-

127 2851 309 2940 cessariis,
328 2860 510 2946 repugnat
527 2852 707 2948 aequitati.
739 2852 1059 2949 Irffallidilitutem
1075 2853 1172 2928 hanc

125 2965 296 3061 promisit
314 2965 488 3037 Servator
504 2978 640 3053 noster,
659 2966 698 3038 in
724 2967 767 3040 iis
785 2969 893 3040 rebus
912 2991 994 3063 quae
1010 2968 1059 3040 ad
1076 2967 1172 3041 salu-

127 3089 206 3150 tem
240 3088 327 3149 sunt
360 3079 588 3163 necessariae,
625 3080 808 3175 apostolis
841 3105 958 3177 usqne
991 3081 1039 3155 ad
1074 3081 1171 3154 diem

124 3189 268 3287 judicii,
281 3191 439 3280 hocest,
453 3191 637 3286 apostolis
656 3203 694 3265 et
703 3193 926 3289 pastoribus
936 3195 982 3268 ab
996 3195 1172 3292 apostolis

129 3303 333 3377 successive
350 3327 417 3399 per
431 3304 703 3401 impositionem
716 3331 881 3380 munuum
902 3307 1172 3382 consecrandis,

127 3416 326 3512 Obligatur
343 3441 444 3513 ergo,
459 3428 640 3513 quatenus
660 3418 900 3511 Christianus,
918 3420 962 3510 is,
982 3422 1044 3517 qui
1061 3421 1174 3495 habet

127 3531 290 3603 civitatis
311 3530 518 3626 imperium,
538 3531 748 3627 Scripturas
776 3533 918 3624 Sacras,
935 3535 1001 3608 ubi
1019 3535 1173 3631 quaestio

129 3653 186 3716 est
203 3643 249 3716 de
266 3643 454 3740 mysteriis
473 3643 586 3738 fidei,
603 3669 670 3740 per
687 3646 960 3719 ecclesiasticos
985 3647 1057 3720 rite
1074 3647 1175 3720 ordi-

129 3767 236 3829 natos
253 3757 499 3852 interpretari.
543 3759 591 3829 Et
605 3757 658 3830 sic
672 3758 711 3831 in
730 3759 939 3831 civitatibus
955 3759 1174 3836 Christianis

125 3869 307 3965 judicium
321 3879 358 3941 et
371 3869 623 3965 spiritualium
633 3882 672 3943 et
683 3871 938 3967 temporalium
953 3871 1116 3967 pertinet
1126 3872 1175 3945 ad

129 3982 391 4056 auctoritatem
409 3983 563 4057 civilem.
615 3986 663 4058 Et
689 3985 721 4057 is
748 3985 859 4058 homo
876 3984 935 4058 vel
965 3997 1093 4076 coetuS,
1111 3986 1174 4081 qui

131 4119 314 4167 summum
333 4094 446 4168 habet
461 4095 666 4192 imperium,
686 4107 797 4193 caput
814 4109 871 4170 est
897 4109 935 4170 et
948 4097 1113 4171 ciuitatis
1136 4109 1175 4172 et

129 4206 322 4280 ecclesiis:
350 4231 426 4282 unc
460 4209 558 4282 enim
592 4232 651 4284 res
685 4221 741 4282 est
773 4209 932 4283 ecclesia
967 4221 1004 4285 et
1040 4209 1174 4286 ciuitas

135 4318 366 4392 Christiana.
