2918 4912
304 251 376 315 224
703 265 933 320 minumum.

107 461 204 512 sacr,
217 462 269 512 111,
355 435 410 502 12.
462 428 661 520 Postremo,
680 455 786 505 exeo
804 432 905 529 quod
932 431 1066 506 civium
1093 435 1344 532 unusquisque

117 539 259 642 ᾧ
298 540 526 616 voluntatem
550 567 653 616 suam
677 543 860 618 voluntati
877 547 954 643 ejus
973 546 1140 643 subjecit,
1164 550 1228 644 qui
1245 573 1344 622 sum-

91 679 289 756 coequanda
300 678 401 727 mum
430 655 469 726 in
503 655 649 728 civitate
678 657 872 754 imperium
899 658 1021 749 habet,
1051 659 1104 732 ita
1132 672 1175 734 ut
1203 661 1345 736 viribus

89 748 124 798 nt,
134 757 223 834 Ψ
235 759 288 789 ⁰⁸⁸⁰·
299 767 457 864 propriis
475 780 604 842 contra
616 793 701 843 eum
717 770 773 842 uti
788 793 865 843 non
877 772 994 867 possit
1008 803 1017 855 ;
1044 773 1210 868 sequitur
1226 777 1344 848 mani-

299 882 404 971 feste,
421 881 571 978 impune
597 882 729 957 debere
747 907 839 974 esse,
865 885 1041 981 quicquid
1066 887 1112 959 ab
1140 910 1184 959 eo
1202 886 1345 960 factum

301 995 383 1068 erit.
434 996 532 1069 Nam
548 1007 590 1069 ut
605 997 737 1093 punire
752 998 970 1072 naturaliter
986 1022 1070 1070 eum
1086 1023 1195 1074 nemo
1207 1011 1344 1096 potest,

302 1108 365 1204 qui
382 1109 470 1182 satis
487 1109 619 1183 virium
636 1135 712 1183 non
728 1111 864 1194 habet;
890 1111 944 1184 ita
958 1135 1078 1207 neque
1098 1114 1181 1209 jure
1198 1114 1343 1210 punire,

303 1220 365 1316 qui
382 1223 470 1295 satis
486 1223 619 1296 virium
641 1249 718 1298 non
738 1225 862 1298 habet.

91 1363 289 1410 ursimannus
356 1344 411 1408 13.
438 1336 495 1408 Ex
510 1336 567 1409 his
585 1362 667 1433 quae
682 1337 780 1411 dicta
795 1339 986 1433 jamnum,
1004 1337 1345 1412 manifestissimum

89 1429 206 1485 imperium
229 1431 290 1473 abso-

89 1493 162 1536 ruam
195 1508 281 1538 „oum
302 1459 369 1537 est,
400 1449 567 1522 inomni
595 1451 742 1524 civitate
765 1450 930 1547 perfecta
956 1451 1042 1544 (hoo
1070 1461 1136 1536 est,
1159 1452 1225 1524 ubi
1253 1453 1345 1525 nulli

89 1572 290 1680 2¹33}ng
303 1561 437 1635 civium
444 1565 513 1658 jus
532 1575 587 1636 est
604 1563 742 1637 viribus
767 1564 841 1637 suis
868 1563 916 1637 ad
938 1564 1125 1660 propriam
1147 1589 1345 1638 conserva-

88 1688 216 1732 0bedie11fiv-
301 1673 439 1747 tionem
457 1699 522 1748 suo
546 1675 696 1749 arbitrio
714 1676 854 1766 utendi,
873 1678 948 1750 sive
963 1677 1028 1751 ubi
1048 1677 1179 1775 gladii
1190 1678 1345 1775 privati

291 1789 360 1882 jus
377 1789 596 1884 excluditur)
614 1813 692 1862 esse
709 1813 892 1863 summum
920 1789 959 1861 in
985 1790 1107 1886 aliquo
1134 1790 1343 1886 imperium,

300 1923 372 1995 quo
401 1903 518 1998 majus
536 1904 582 1976 ab
599 1902 808 1976 hominibus
834 1906 916 2001 jure
934 1903 1092 1977 conferri
1107 1928 1185 1976 non
1207 1916 1343 2001 potest,

299 2015 375 2088 sive
399 2040 470 2112 quo
496 2019 614 2113 majus
638 2041 747 2090 nemo
770 2017 980 2091 mortalium
1001 2017 1137 2091 habere
1162 2028 1290 2113 potest
1305 2019 1344 2092 in

299 2129 469 2226 seipsum.
521 2131 720 2227 Imperium
738 2142 860 2204 autem
877 2156 950 2228 quo
974 2123 1092 2228 majus
1116 2132 1163 2204 ab
1185 2131 1345 2205 homiui-

298 2241 367 2315 bus
400 2243 439 2315 in
472 2244 657 2317 hominem
681 2244 872 2317 transferri
901 2269 976 2316 non
1005 2254 1139 2340 potest,
1167 2267 1344 2317 vocamus

299 2359 587 2431 amoturum*
640 2357 859 2453 Quicunque
877 2356 974 2429 enim
991 2357 1222 2429 voluntatem
1239 2381 1343 2430 suam

339 2557 558 2634 *Absolutom.]
598 2559 755 2634 imperium
772 2558 933 2616 absolutum
958 2563 1048 2614 status
1072 2558 1220 2633 popularis
1245 2569 1343 2635 aperte

299 2652 353 2709 sibi
367 2652 500 2727 postulat,
515 2670 568 2709 nec
582 2661 743 2728 repugnant
762 2653 848 2708 cives.
891 2650 967 2708 Nam
980 2651 1009 2706 in
1025 2659 1169 2707 conventu
1182 2651 1344 2708 multorum

299 2743 447 2801 hominum
469 2744 592 2801 civitatis
606 2743 709 2800 faciem
729 2750 898 2819 agnoscunt,
922 2750 951 2798 et
966 2742 1084 2799 consilio
1098 2761 1143 2798 res
1156 2743 1218 2818 geri
1240 2743 1344 2799 intelli·

298 2843 371 2911 gunt
384 2836 470 2892 etiam
492 2834 624 2910 imperiti.
665 2834 773 2893 Civitas
792 2843 888 2892 tamen
908 2852 965 2890 non
987 2833 1080 2890 minus
1102 2841 1146 2890 est
1165 2835 1342 2903 monarchia,

299 2946 385 3004 quam
404 2927 586 2995 democratia,
611 2926 774 3002 habentque
798 2944 879 3001 reges
902 2924 1024 2982 absoluti
1045 2924 1222 2981 consiliarios
1235 2944 1343 2993 suos‚a

299 3021 403 3095 quibus
416 3020 525 3076 moueri
540 3027 569 3076 et
582 3019 701 3094 imperia
714 3037 766 3076 sua
779 3019 808 3075 in
821 3018 906 3074 rebus
920 3017 1052 3073 omuibus
1066 3014 1180 3092 majoris
1202 3019 1342 3075 momenti

299 3111 421 3186 expendi
432 3111 557 3187 quidem,
571 3111 624 3167 etsi
637 3129 695 3167 non
709 3110 846 3178 revocari,
857 3109 965 3166 volunt.
1006 3107 1062 3167 Sed
1076 3108 1222 3165 civitatem
1237 3110 1267 3165 in
1278 3128 1343 3186 per-

298 3222 368 3260 sona
381 3203 456 3278 regis
466 3203 614 3270 contineri,
624 3201 717 3258 minus
730 3200 912 3258 manifestum
922 3208 965 3257 est
975 3198 1125 3276 plerisque.
1153 3198 1260 3275 Itaque
1275 3219 1342 3259 cou-

298 3303 344 3351 tra
363 3295 514 3369 imperium
534 3294 696 3351 absolutum
720 3293 860 3370 objiciunt
879 3292 981 3368 primo,
995 3291 1109 3368 quodsi
1123 3292 1279 3368 quisquam
1293 3293 1342 3350 tali

293 3386 360 3464 jure
374 3396 456 3455 esset,
477 3387 583 3444 civium
597 3386 724 3443 conditio
745 3386 848 3441 misera
861 3392 942 3441 esset.
984 3382 1032 3441 Sic
1049 3384 1125 3440 enim
1143 3385 1284 3460 cogitant,
1298 3404 1341 3442 ra·

298 3479 365 3554 piet,
374 3479 516 3552 spoliabit,
525 3478 646 3535 occidet.
687 3477 725 3534 Et
738 3484 850 3534 tantum
862 3493 918 3532 non
929 3475 989 3551 jam
1003 3476 1155 3550 spoliatum
1169 3483 1198 3532 et
1212 3479 1340 3534 occisum

297 3589 328 3627 se
341 3571 463 3646 quisque
476 3577 567 3645 putat.
607 3569 704 3634 Quare
724 3577 819 3626 autem
833 3568 963 3625 faceret?
985 3585 1041 3625 nou
1060 3567 1128 3642 quia
1141 3575 1254 3642 potest;
1274 3588 1340 3626 nam

298 3663 352 3718 nisi
367 3662 427 3719 vult
440 3680 497 3719 non
509 3661 602 3718 saciet.
644 3661 693 3717 An
708 3661 736 3716 in
758 3661 842 3716 unius
856 3659 901 3716 vel
915 3676 1073 3734 paucorum
1087 3659 1208 3734 gratiam
1219 3669 1340 3719 caeteros

298 3773 395 3813 omnes
406 3755 527 3831 spoliare
537 3753 623 3812 vult?
645 3751 743 3810 Primo
754 3753 806 3809 etsi
812 3751 888 3827 jure,
899 3751 928 3808 id
939 3758 990 3818 est,
1001 3751 1061 3807 siue
1071 3749 1176 3826 injuria
1185 3751 1241 3807 sibi
1253 3752 1338 3818 illata,

298 3865 355 3904 uon
366 3855 459 3903 tamen
468 3845 555 3922 juste,
566 3845 596 3902 id
607 3853 659 3910 est,
669 3845 729 3902 sine
741 3843 894 3901 violatione
903 3843 1001 3918 legum
1012 3841 1184 3898 naturalium
1196 3850 1225 3900 et
1236 3842 1341 3919 injuria

297 3938 325 3994 iu
345 3936 442 3996 Deum
454 3936 549 3995 faciet.
589 3937 691 4012 Itaque
702 3955 719 3993 a
732 3934 920 4014 jurejurando
933 3935 1104 4010 principium
1115 3935 1255 3992 securitas
1272 3937 1338 3993 sub-

297 4029 362 4086 ditis
373 4031 464 4087 oritur
474 4029 620 4087 nonnulla.
660 4029 775 4087 Deinde
793 4029 816 4086 si
833 4027 911 4103 juste
923 4028 952 4084 id
971 4027 1065 4084 lacere
1075 4035 1180 4102 posset,
1191 4027 1237 4085 vel
1248 4027 1339 4105 sijus-

291 4119 448 4198 jurandum
468 4123 548 4180 nihili
558 4121 705 4198 penderet,
717 4122 790 4179 ratio
810 4139 899 4197 quare
919 4120 1040 4196 spoliare
1061 4119 1138 4178 cives
1156 4138 1223 4177 suos
1244 4120 1337 4186 vellet,

296 4231 363 4270 cum
375 4213 403 4270 id
415 4214 469 4272 sibi
480 4215 587 4273 bouum
599 4214 709 4284 nonsit,
720 4213 931 4289 uullaapparet
952 4212 1032 4277 Quin·
1039 4213 1172 4290 princeps
1182 4211 1337 4289 aliquando
