2834 4912
281 269 350 338 198
664 286 878 342 orsaorsa.

80 483 177 538 saco.
192 485 245 536 ru.
275 461 364 526 nmt
380 451 552 526 amorcli
567 449 653 552 lege
670 451 839 544 alienam,
851 463 889 526 et
905 451 975 528 sibi
987 475 1063 527 non
1075 463 1315 530 constantem.

90 563 235 670 ,ξω
275 563 482 646 Voluerunt
499 565 597 638 enim
613 577 784 640 naturam
805 567 982 642 virtutum
999 567 1037 640 in
1055 567 1316 642 mediocritate

278 677 436 776 quadam
453 679 551 754 iuter
568 679 642 754 duo
652 691 822 754 extremo
840 681 950 754 sitem
963 705 1054 770 esse,
1068 681 1160 755 vitia
1174 703 1262 754 vero
1279 681 1316 754 iu

276 791 365 890 ipsis
383 793 705 868 extremitatibus:
724 794 825 890 qnod
842 807 898 868 cst
911 795 1193 891 aperteialsum.
1222 795 1315 868 Nam
1404 801 1405 816 ¹

276 905 412 980 audere
424 905 606 996 laudatur,
624 917 662 980 et
674 907 1080 1006 uomincfortitudinis
1097 932 1166 1006 pro
1182 907 1317 982 virtute
1404 999 1405 1008 ἵ

274 1019 445 1110 habetur,
464 1043 686 1116 quamquam
703 1033 909 1096 extremum
933 1019 994 1112 sit,
1011 1021 1042 1094 si
1060 1044 1171 1095 eausa
1187 1045 1316 1118 appro·
1404 1059 1405 1070 .

274 1133 396 1206 batur.
448 1133 646 1208 Quantitas
671 1133 760 1208 item
786 1133 852 1220 rei,
871 1157 953 1230 quae
977 1131 1075 1208 dono
1102 1133 1224 1226 datur,
1243 1134 1316 1208 sive

273 1269 421 1344 magua,
435 1245 511 1320 sive
528 1271 654 1344 parva,
671 1247 748 1322 sive
764 1245 886 1322 media
902 1245 963 1337 sit,
980 1271 1057 1321 non
1072 1247 1162 1321 iacit
1178 1247 1318 1322 libero-

274 1359 437 1450 litatem,
455 1359 520 1434 sed
539 1359 702 1434 donandi
715 1385 836 1434 causa.
889 1362 1020 1454 Neque
1037 1361 1231 1456 injustitia
1249 1373 1314 1450 est,

274 1473 305 1550 si
319 1473 435 1548 cnide
449 1473 624 1572 meoplus
639 1473 775 1550 dedero
793 1498 904 1572 quam
919 1472 1084 1548 debitum
1103 1483 1171 1548 est.
1225 1475 1317 1548 Sunt

273 1587 386 1684 igitur
403 1587 503 1684 leges
520 1587 707 1662 naturales
725 1585 1118 1684 summaphilosophiae
1136 1587 1315 1660 moralis:
1405 1605 1406 1614 ¹

273 1703 377 1800 cujus
406 1711 592 1798 precepta
617 1699 794 1776 hocloco
818 1723 864 1774 ea
888 1711 1033 1776 tantum
1060 1699 1209 1790 tradidi,
1237 1724 1316 1796 qnae

272 1815 460 1912 pertinent
477 1813 525 1888 od
542 1815 860 1890 conservationem
877 1825 1054 1904 nostram,
1073 1825 1206 1888 contra
1221 1813 1315 1911 peri-
1405 1827 1406 1914 l

273 1927 357 2002 cula
373 1950 454 2024 quae
480 1952 503 2001 a
529 1927 714 2002 discordia
739 1927 921 2002 oriuntur.
974 1927 1069 2002 Sunt
1096 1939 1222 2001 autem
1247 1927 1317 2001 alia
1405 1917 1406 1920 ¹

272 2051 460 2137 praecepto
485 2053 628 2116 naturae
655 2041 857 2132 rationalis,
888 2065 934 2116 cx
961 2041 1096 2138 quibus
1123 2041 1206 2116 aliae
1235 2065 1315 2114 nas-
1405 2021 1406 2096 l

273 2165 408 2226 cuntur
424 2153 593 2226 virtutes.
646 2155 744 2228 Nam
761 2167 800 2228 et
820 2155 1074 2252 temperantia
1091 2165 1313 2252 praeceptum

272 2265 426 2340 rationis
451 2275 520 2358 cst,
549 2265 636 2362 quia
659 2265 944 2364 intemperantia
959 2267 1080 2340 tendit
1097 2267 1146 2342 ad
1170 2269 1315 2342 morbos

272 2389 311 2452 et
325 2377 525 2452 interitum.
552 2379 646 2452 Item
646 2379 864 2476 fortitudo,
876 2380 949 2454 hoc
963 2391 1030 2472 est,
1043 2379 1200 2454 facultas
1212 2381 1314 2456 valde

271 2491 467 2567 resistendi
493 2492 531 2566 in
553 2492 725 2590 perieulis
741 2493 994 2590 presentibus,
1014 2519 1171 2592 quaeque
1189 2495 1314 2570 diffici-

270 2603 342 2680 lius
370 2605 603 2680 declinantur
625 2631 736 2704 quam
760 2621 1004 2704 superantem
1043 2607 1130 2706 quia
1155 2609 1313 2684 medium

271 2729 327 2794 est
344 2718 392 2793 od
410 2720 727 2796 conservationem
740 2719 837 2796 illius
855 2721 918 2819 qui
932 2721 1082 2796 resistit.

58 2849 222 2906 ramo·
321 2841 382 2908 33.
410 2833 563 2908 Naturae
593 2845 716 2908 autem
751 2859 843 2932 quas
875 2858 1052 2910 vocamus
1085 2833 1206 2934 leges,
1234 2861 1313 2910 eum

57 2927 243 3048 mm
268 2945 361 3022 nihil
378 2945 479 3020 aliud
491 2947 565 3020 sint
582 2971 692 3043 qnam
716 2946 969 3021 conclusiones
987 2947 1156 3044 quiedam
1174 2949 1313 3023 ratione

57 3055 481 3182 Qgssfflspintellectm
513 3059 559 3134 de
586 3059 739 3156 agendis
762 3070 801 3134 et
827 3059 1065 3146 omittendis3
1105 3061 1165 3134 lex
1195 3073 1310 3136 autem

56 3189 186 3230 anm.
270 3171 420 3269 proprie
449 3183 560 3270 atque
588 3185 762 3248 accurate
786 3173 984 3270 loquendo,
1008 3175 1057 3249 sit
1080 3175 1201 3250 oratio
1228 3177 1311 3272 ejus,

272 3283 335 3382 qui
365 3285 507 3382 aliquid
534 3287 615 3360 fieri
632 3287 691 3360 vel
716 3311 791 3360 non
821 3285 902 3361 fieri
929 3287 1010 3362 aliis
1035 3288 1118 3384 jure
1135 3287 1310 3384 imperat:
1406 3323 1407 3338 κ

271 3421 347 3474 non
374 3409 461 3472 snut
486 3398 559 3474 illae
585 3399 733 3498 proprie
753 3400 938 3498 loquendo
955 3401 1068 3498 leges,
1096 3415 1312 3499 quatenusa

270 3523 406 3586 natura
420 3511 637 3610 procedunt.
692 3515 886 3589 Quatenus
902 3525 1026 3588 tomen
1040 3513 1181 3589 eaedem
1198 3540 1221 3589 a
1237 3515 1310 3590 Deo

269 3623 308 3699 in
327 3624 529 3723 Scripturis
547 3627 660 3700 saeris
678 3627 765 3702 latae
791 3639 889 3720 suut,
907 3641 950 3702 ut
973 3627 1181 3704 videbimus
1198 3628 1311 3726 capite

269 3749 457 3835 sequente,
487 3737 611 3836 legum
635 3740 783 3814 nomine
796 3741 1044 3838 propriissime
1071 3743 1308 3840 appellantur.

268 3851 336 3926 Est
359 3853 457 3926 enim
487 3851 680 3950 Scriptura
706 3877 811 3928 sacra
832 3853 871 3928 in
897 3853 1022 3930 omnic
1047 3855 1209 3930 marium
1230 3855 1309 3952 jure

269 3965 482 4064 imperantis
496 3965 565 4042 Dei
582 3967 712 4042 oratio.

691 4205 889 4236 w
