2834 4912
276 325 333 379 nn
354 325 530 381 uncinus
551 325 729 382 sarnam
749 328 961 390 nnnrunrs.
1073 313 1138 381 191

99 491 224 568 lateri
241 503 381 592 potest,
397 493 478 593 lege
491 495 650 571 naturali
668 495 878 571 institutum
896 507 963 588 est,
981 493 1081 594 quod
1097 495 1145 570 sit
1173 527 1270 580 sacr.
1284 529 1337 582 ιιι,

97 617 327 706 pracceptum
345 606 615 700 duodecimum,
632 619 675 683 ut
704 611 786 707 ejus
806 609 971 684 rrimus
999 608 1061 684 uel
1086 607 1144 684 ul-
1182 607 1326 712 „jd

98 731 229 796 termus
260 721 326 815 m't,
354 720 417 797 uel
442 723 506 796 uui
541 731 684 797 tautum
717 732 822 798 rorte
852 721 1142 821 capudicaudus,
1157 745 1355 792 minanam

96 843 213 932 utque
229 835 270 909 iu
287 834 436 910 ulteruo
463 859 532 910 usu
558 845 663 911 sorte
690 861 848 936 quoque,
866 837 953 934 quis
970 836 1025 913 ud
1038 847 1143 912 uteu-
1155 811 1284 922 m
1297 817 1354 856 ’Μ’

97 947 184 1022 dum
194 949 315 1049 prior
327 949 391 1034 rit,
399 949 611 1047 judicetur.
664 949 762 1025 Nam
779 949 840 1025 hic
857 973 1002 1049 quoque
1019 973 1143 1048 aequa·

96 1061 180 1136 litas
219 1062 423 1160 spectanda
455 1073 523 1154 est,
565 1062 638 1139 alia
671 1075 795 1140 antem
822 1065 979 1141 inueniri
1007 1073 1143 1162 praeter

96 1187 237 1250 sortem
253 1197 329 1251 non
347 1187 480 1274 potest.

151 1297 210 1364 18.
239 1287 328 1365 Sors
347 1299 470 1364 autem
497 1288 632 1388 duplex
658 1299 738 1364 est:
765 1288 823 1363 vel
841 1287 1057 1364 arbitrario
1084 1289 1142 1364 vel
1156 1297 1340 1344 lom-‘¹⁶

96 1399 306 1477 naturalia.
358 1403 565 1478 Arbitran'a
591 1401 654 1477 illa
683 1413 752 1492 est,
782 1424 864 1501 quae
890 1401 935 1477 fit
962 1425 1142 1478 consensu
1154 1362 1340 1488 mvi

96 1513 413 1590 contendentium.
454 1515 505 1589 Et
521 1515 593 1590 sita
610 1525 665 1590 est
683 1515 722 1588 in
740 1537 828 1590 casu
845 1537 959 1606 mero,
977 1527 1017 1590 et
1032 1515 1141 1608 forte,
1153 1499 1248 1618 {iam
1277 1505 1340 1538 ⁰⁰⁶²*

96 1627 198 1725 quod
215 1628 334 1721 aiunt,
347 1627 508 1705 fortuna.
535 1628 723 1704 Naturalis
740 1639 807 1719 est,
820 1627 1142 1728 primogenitura,

96 1741 227 1817 Graece
255 1743 458 1838 κληρονομία
479 1741 583 1840 quasi
606 1753 705 1817 sorte
732 1741 925 1832 tributum,
950 1752 989 1815 et
1011 1741 1143 1841 primo

96 1853 311 1954 occupatio.
364 1853 494 1951 Itaque
513 1877 595 1952 quae
612 1877 732 1951 neque
750 1852 876 1944 dividi,
896 1875 1015 1950 neque
1042 1877 1143 1928 oom-

97 1967 262 2042 mnnitcr
289 1966 418 2042 haberi
444 1978 610 2065 possunt,
629 1966 767 2042 cedunt
786 1967 906 2065 primo
923 1968 1141 2065 occupanti;

100 2081 191 2156 item
204 2079 468 2179 primogenito,
486 2104 531 2155 ea
547 2103 630 2178 quae
640 2080 755 2178 patris
771 2079 934 2170 fuerunt,
950 2079 1023 2155 nisi
1037 2091 1145 2178 pater

97 2195 175 2293 ipse
190 2195 262 2292 jue
288 2192 381 2269 illud
407 2193 638 2269 transtulerit
653 2194 766 2292 prius.
819 2193 878 2269 Sit
892 2193 1007 2290 igitur
1024 2217 1068 2269 ea
1084 2193 1143 2270 lex

96 2319 242 2384 natnrae
259 2305 405 2384 decima
420 2307 543 2383 tertia.

149 2429 210 2496 la.
237 2419 348 2519 Legis
376 2419 555 2496 naturalis
579 2421 762 2496 decimum
780 2431 952 2521 quartum
979 2445 1143 2520 praecep·
1157 2443 1340 2490 masur-‹¹0-

95 2543 176 2609 tum
212 2543 282 2625 est,
314 2535 429 2633 pacis
462 2533 733 2609 mediatoribus
760 2533 1022 2634 prestandum
1060 2507 1355 2619 esaeffiiuinim

97 2645 402 2722 incolumitatem,
434 2647 545 2722 Ratio
562 2645 673 2738 enim,
684 2669 767 2744 quae
779 2649 887 2745 J'ubet
902 2649 1026 2738 finem,
1036 2648 1143 2746 jubat
1155 2639 1264 2684 mm
1286 2637 1353 2698 Μ*

97 2759 210 2834 etiam
235 2757 358 2834 media
384 2759 600 2834 necessaria.
651 2759 814 2834 Primum
839 2772 963 2836 autem
988 2761 1142 2838 rationis

98 2871 283 2948 dictamen
303 2896 388 2972 pua
414 2885 480 2965 est,
507 2884 643 2949 caetera
672 2886 759 2949 sunt
785 2874 834 2950 ad
856 2873 988 2966 media,
1005 2899 1141 2974 puram

97 2985 173 3062 sine
204 2985 339 3084 quibus
365 3009 447 3085 pur
475 3009 553 3062 esse
584 3009 660 3063 non
686 2997 833 3085 potest;
871 2986 937 3063 sed
965 3011 1036 3063 nec
1064 2989 1142 3064 sine

98 3099 323 3176 mediatione
350 3123 449 3200 pua,
478 3124 548 3176 nec
578 3101 657 3178 sine
687 3101 940 3177 incolumitate
966 3101 1142 3178 mediatio

99 3211 225 3288 haberi
242 3222 377 3314 potest.
405 3213 472 3290 Est
488 3237 577 3312 ergo
595 3213 780 3290 dictamen
798 3215 965 3305 rationis,
983 3217 1056 3291 hoc
1074 3228 1141 3308 est,

101 3325 154 3401 lex
177 3337 335 3418 natura,
357 3327 475 3426 pacis
503 3327 764 3403 mediatoribus
790 3327 1039 3427 praestandam
1064 3353 1142 3406 esse

101 3439 403 3516 incolumitatem.

147 3563 209 3630 20.
236 3553 353 3629 Porro
371 3553 557 3652 quoniam,
575 3553 645 3630 etsi
674 3555 842 3631 homines
860 3557 897 3630 in
917 3580 1045 3633 omnes
1062 3556 1140 3648 has,
1156 3573 1297 3621 usn-ura

103 3667 180 3742 etsi
197 3691 282 3766 quae
292 3665 373 3741 alia
386 3676 483 3758 sunt,
503 3677 646 3746 naturae
662 3667 764 3766 leges
781 3669 1045 3760 consentirent,
1063 3693 1142 3744 eas
1154 3639 1341 3750 minii

103 3801 171 3876 que
199 3777 392 3856 studerent
417 3779 622 3868 observare,
640 3778 752 3856 dubia
777 3794 901 3858 tamen
929 3793 967 3858 et
993 3769 1241 3858 contro”⁸’¹“⁰·

104 3893 227 3968 versia
243 3891 410 3990 quotidie
427 3892 593 3968 orientur
609 3891 655 3968 de
672 3893 796 3993 legum
812 3895 942 3971 harum
967 3895 1016 3971 ad
1041 3893 1142 3970 iacta

106 4005 364 4103 applicatione:
382 4005 555 4080 nimirum
573 4029 620 4080 an
639 4007 740 4104 quod
751 4006 907 4104 ‚suctum
924 4007 984 4097 sit,
995 4007 1045 4082 sit
1056 4031 1142 4082 con·

106 4127 165 4192 tra
191 4117 309 4219 legem
337 4140 479 4206 necne;
506 4143 588 4216 quae
616 4121 771 4218 quaestio
793 4121 887 4218 juris
913 4121 1069 4206 dicitur;
1095 4145 1140 4196 ex

105 4229 234 4325 quibus
260 4241 435 4328 sequetur
460 4253 585 4331 pugna
610 4231 706 4308 inter
735 4245 872 4330 partes,
890 4233 1073 4332 utrimque
1103 4257 1141 4308 se
