2912 4912
299 321 346 388 86
689 338 742 387 nn
762 337 945 388 nonnum

115 537 210 588 sacr.
224 537 263 591 11.
302 504 378 578 sive
403 503 504 601 quod
528 504 634 577 oculo
656 503 863 600 proximum
881 513 948 594 est,
966 503 1037 577 FG
1049 504 1086 575 H
1098 504 1129 593 Ι,
1154 503 1346 599 dioptrum

117 613 260 720 „L
301 627 425 690 autem
437 616 558 688 minus
575 616 719 711 objecto
738 616 962 711 applicatum
980 616 1027 688 sit
1041 616 1075 688 K
1088 615 1118 690 L
1130 615 1171 687 M
1182 613 1230 686 N.
1285 615 1346 686 Sit

104 755 245 832 messapo
257 769 289 799 a
297 734 372 828 Jam
386 755 409 804 a
426 741 554 804 centro
571 730 701 803 retinae
719 730 752 802 D
771 730 882 802 ducta
900 729 933 801 D
949 730 997 817 H,
1016 751 1099 824 quae
1116 728 1164 801 sit
1182 727 1348 800 refracta

104 821 290 942 &agauri
302 845 349 919 aa
366 846 405 933 u,
424 844 555 917 deinde
572 843 621 916 aa
638 845 685 932 Κ,
704 842 835 915 uernae
846 841 894 914 au
905 843 937 914 o
948 842 987 914 in
1000 841 1192 937 superficie
1204 840 1346 936 dioptri

104 949 290 1059 {gffliffl
303 961 344 1033 M
356 959 388 1030 Ο
400 959 448 1047 Ν,
465 970 652 1053 postremo
670 957 718 1029 ad
736 958 775 1029 P.
829 956 1017 1042 Similiter,
1036 980 1079 1027 ex
1098 955 1215 1028 altera
1236 965 1347 1049 parte

303 1072 459 1145 ducatur
468 1072 673 1144 refractaD
686 1071 703 1143 I
715 1070 748 1143 G
759 1072 789 1143 L
800 1070 832 1144 Ο
845 1069 892 1159 Q,
906 1069 1026 1165 sitque
1041 1069 1228 1164 objectum
1243 1067 1346 1150 Pu;

302 1185 492 1281 apparebit
514 1184 628 1280 igitur
645 1186 673 1259 P
690 1184 728 1257 in
746 1182 876 1257 visuali
905 1183 988 1254 DH
1016 1182 1219 1278 producta:
1255 1203 1347 1276 pro-

303 1298 458 1371 ducatur
474 1308 598 1369 autem
615 1297 698 1370 DH
716 1296 765 1369 ad
790 1305 984 1368 occursum
1000 1294 1192 1390 productae
1210 1294 1287 1367 Po
1306 1293 1348 1365 in

301 1413 343 1485 Τ.
395 1412 550 1506 Propter
567 1410 720 1483 eandem
738 1433 886 1482 causam
904 1407 1096 1504 apparebit
1108 1418 1288 1504 punctum
1310 1407 1349 1480 Q
1449 1455 1450 1458 =

301 1525 340 1596 in
368 1523 498 1597 visuali
513 1507 578 1596 DI
595 1524 801 1620 producta:
828 1522 1054 1618 producatur
1079 1533 1203 1594 autem
1231 1521 1279 1593 ad
1297 1521 1347 1592 V.

299 1638 384 1710 Jam
401 1648 512 1710 rectae
530 1638 680 1710 ETfiat
705 1636 855 1732 aequalis
880 1645 919 1709 et
931 1634 1106 1731 parallela
1122 1634 1217 1722 DX,
1234 1634 1350 1706 intel-

276 1733 282 1748 ⁹
300 1751 507 1848 ligaturque
519 1750 601 1823 ΧΥ
617 1751 670 1824 ita
683 1773 762 1823 esse
776 1749 900 1838 ducta,
914 1759 956 1821 ut
969 1748 1152 1845 producta
1164 1746 1351 1820 incideret

301 1866 340 1938 in
371 1889 478 1938 axem
508 1865 671 1960 opticum
694 1864 760 1936 ΟΕ
781 1863 829 1935 ad
849 1874 1031 1959 punctum
1055 1860 1349 1945 evanescentiae;

301 1990 400 2051 secet
427 1989 550 2050 autem
568 1977 650 2050 XY
665 1977 842 2050 visualem
866 1977 942 2049 DT
959 1976 998 2048 in
1020 1986 1159 2072 puncto
1177 1975 1216 2046 Z.
1270 1974 1351 2069 Ap-

300 2091 444 2186 parebit
457 2090 613 2186 igitur'P
630 2090 669 2161 in
686 2091 736 2162 Z:
765 2089 946 2184 ductaque
964 2089 992 2160 Z
1006 2117 1030 2158 α
1046 2086 1222 2183 parallela
1234 2097 1351 2160 reeta

301 2204 387 2293 TV,
407 2215 444 2276 et
458 2213 605 2276 secante
623 2204 702 2276 DV
718 2204 758 2276 in
775 2233 810 2292 α,
835 2202 1027 2298 apparebit
1055 2212 1236 2297 punctum
1255 2201 1295 2274 Q
1311 2200 1352 2272 in

304 2347 339 2406 α,
358 2329 396 2390 et
413 2327 533 2389 totum
545 2317 728 2412 objectum
747 2317 816 2390 PE
830 2315 877 2405 Q,
897 2314 1025 2388 ordine
1042 2315 1200 2402 inverso,
1211 2312 1252 2384 in
1271 2313 1300 2384 Z
1314 2341 1351 2386 α.

304 2431 357 2503 Ut
386 2443 510 2504 autem
537 2429 614 2502 sine
642 2429 857 2502 confusione
886 2427 1066 2516 videatur,
1090 2427 1143 2500 ita
1171 2426 1348 2499 collocari

304 2543 438 2616 debent
462 2543 608 2638 dioptra
633 2543 704 2616 FG
722 2553 758 2614 et
775 2542 877 2630 MN,
896 2551 938 2613 ut
965 2565 987 2613 a
1014 2540 1178 2637 quolibet
1205 2551 1348 2635 puncto

303 2657 450 2753 objecti,
467 2665 511 2728 ut
523 2656 562 2745 P,
580 2655 674 2728 radii
698 2655 770 2727 duo
799 2667 989 2743 exeuntes,
1012 2665 1055 2726 ut
1074 2654 1165 2742 PM,
1184 2653 1275 2740 PN,
1293 2655 1349 2727 ita

303 2770 552 2865 refringantur
598 2780 642 2841 ut
678 2792 763 2841 cum
804 2767 973 2841 venerint
1013 2767 1062 2841 ad
1113 2769 1347 2864 superficiem

304 2883 440 2978 dioptri
457 2883 486 2952 F
505 2882 547 2970 G,
565 2881 720 2954 tendant
742 2880 790 2952 ad
812 2880 959 2953 oculum
981 2867 1188 2975 parallelus,
1216 2880 1349 2953 saltem

303 2995 427 3092 quoad
443 3018 601 3082 sensum,
617 3004 660 3067 ut
677 2994 765 3067 inde
777 2994 927 3066 refracti
939 3005 1160 3066 concurrant
1174 2994 1212 3066 in
1226 2995 1350 3067 retina

304 3133 388 3182 cum
406 3110 443 3180 H
455 3107 532 3180 AD
549 3107 741 3202 producta,
760 3132 842 3203 quae
864 3130 931 3202 per
949 3107 1226 3179 conversionem
1249 3109 1349 3181 oculi

304 3233 359 3296 est
389 3222 467 3295 axis
495 3221 650 3318 opticus,
676 3221 715 3293 in
741 3232 881 3317 puncto
904 3220 942 3312 β.
995 3220 1056 3293 Sic
1087 3220 1185 3292 enim
1212 3222 1279 3294 fiet
1305 3233 1351 3295 ut

302 3346 481 3430 punctum
499 3335 538 3422 P,
549 3333 646 3405 unde
663 3332 870 3428 procedunt
886 3332 979 3404 radii
996 3332 1145 3405 refracti
1163 3333 1245 3405 PM
1258 3335 1294 3406 R
1306 3335 1347 3426 β,
1448 3377 1449 3380 =

304 3447 379 3520 PN
394 3447 419 3520 S
435 3447 473 3539 β,
492 3455 668 3542 appareat
691 3446 731 3518 in
757 3445 887 3518 visuali
903 3445 931 3537 β
948 3445 1025 3517 DA
1040 3445 1076 3517 H
1090 3446 1129 3535 Z,
1154 3445 1194 3518 id
1211 3459 1282 3536 est,
1306 3460 1351 3523 ut
1448 3481 1449 3484 ¹

304 3560 475 3634 distincte
504 3560 684 3645 videatur,
710 3558 820 3632 modo
851 3558 975 3631 radius
1003 3557 1126 3632 nullus
1154 3583 1177 3632 a
1205 3572 1349 3656 puncto

305 3675 377 3747 alio
398 3697 464 3770 per
490 3672 748 3745 refractionem
764 3671 888 3744 veniat
913 3671 962 3743 ad
986 3670 1084 3743 idem
1101 3685 1284 3767 punctum
1297 3675 1348 3766 β;

304 3786 344 3860 id
361 3785 459 3883 quod
486 3785 607 3859 caveri
623 3794 747 3881 potest
766 3793 805 3856 et
821 3782 915 3856 solet
932 3783 1091 3880 tegendo
1114 3788 1349 3881 superficiem

306 3901 444 3998 dioptri
469 3899 621 3973 minoris
644 3899 809 3986 alteram,
838 3897 1012 3970 nimirum
1034 3906 1099 3969 aut
1124 3900 1350 3975 anteriorem

305 4038 452 4089 omnem
466 4025 620 4110 excepta
630 4024 736 4108 parte
751 4013 791 4084 M
806 4010 854 4101 N,
869 4021 933 4084 aut
945 4010 1186 4107 posteriorem
1199 4037 1351 4086 omnem

305 4137 458 4224 excepta
475 4129 509 4199 K
521 4129 562 4216 L,
580 4127 633 4198 ita
648 4136 691 4198 ut
707 4124 819 4199 radiis
837 4148 859 4198 a
878 4125 1041 4222 quolibet
1058 4124 1193 4219 objecti
1206 4139 1350 4222 puncto

302 4240 585 4337 procedentibus
595 4249 719 4312 tantus
730 4237 779 4314 ad
788 4238 983 4313 transitum
993 4236 1222 4332 relinquatur
1230 4239 1351 4332 locus,
