2904 4916
300 307 373 374 292
710 323 939 400 rueunruu.

104 519 199 570 soor.
218 520 269 572 nr.
298 489 369 564 hoc
387 499 455 578 est,
473 487 746 563 multitudinem
767 502 896 565 contra
914 488 1099 589 populum
1130 487 1349 562 animantes,

114 598 257 702 L

300 602 424 699 Atque
441 602 499 675 hae
516 602 592 675 fere
620 615 707 676 sunt
730 603 931 699 opiniones,
950 603 1081 698 quibus
1098 602 1232 674 imbuti
1251 601 1351 675 cives

298 716 424 789 faciles
450 725 537 789 sunt
565 715 614 789 ad
636 716 961 798 tumultuandum;
989 727 1026 788 et
1055 716 1085 788 si
1104 714 1256 811 quidem
1273 739 1351 787 ma-

296 831 411 927 jestas
428 829 468 902 iu
493 830 593 902 omni
609 829 760 903 civitate
788 829 822 903 ei
848 830 907 902 vel
933 829 985 902 eis
1012 828 1265 903 conservanda
1291 828 1350 916 sit,

300 943 363 1038 qui
380 949 563 1016 summum
578 933 690 1015 habet
701 942 760 1015 vel
773 943 913 1015 habeut
929 943 1135 1038 imperium,
1155 943 1213 1015 his
1231 942 1351 1038 opini-

299 1055 430 1128 onibus
449 1055 587 1128 crimen
601 1055 699 1128 laesae
711 1056 917 1152 majestatis·
931 1056 1095 1130 adhaeret
1117 1057 1350 1129 naturaliter.

85 1191 257 1236 Actaeonem
349 1177 384 1242 9.
411 1168 586 1241 Animum
602 1169 805 1242 humanum
822 1168 1041 1265 aegritudine
1059 1170 1173 1243 afficit
1190 1171 1351 1242 maxime

84 1257 180 1314 disponit
189 1269 251 1299 exuo·

84 1322 115 1364 tio
131 1321 200 1364 nimia
218 1333 253 1378 po-

83 1387 208 1437 cupiarum,

84 1450 184 1507 quamvis
190 1450 253 1506 just·

83 1520 106 1558 ct
121 1515 250 1559 maaria

298 1282 462 1356 omnium
491 1306 615 1354 rerum
639 1292 806 1379 egestus,
833 1282 908 1354 sive
939 1306 1066 1356 earum
1096 1306 1235 1370 rerum,
1268 1307 1352 1379 quae

298 1394 474 1468 advitam
501 1403 540 1466 et
563 1393 780 1490 dignitatem
804 1394 980 1467 tuendam
1005 1394 1222 1468 necessariae
1252 1407 1351 1483 suut,

299 1506 440 1606 iuopia.
492 1507 540 1580 Et
557 1530 779 1602 quamquam
804 1530 916 1579 nemo
931 1508 990 1596 sit,
1015 1507 1079 1602 qui
1096 1506 1242 1580 nesciat
1263 1531 1352 1604 opes

298 1618 480 1693 industria
498 1619 763 1716 comparandas
777 1630 815 1692 et
831 1619 1056 1716 parsimonia
1079 1620 1353 1694 conservandas

299 1757 389 1822 esse,
421 1758 548 1807 omnes
578 1745 702 1806 tamen
732 1734 861 1829 inopes
891 1734 1037 1828 culpam
1063 1735 1108 1806 ab
1135 1733 1289 1829 ignavia
1315 1747 1352 1806 et

299 1845 615 1943 luxuria'propria
640 1846 679 1918 in
708 1846 874 1942 regimen
903 1845 1073 1935 civitatis
1104 1855 1285 1941 tanquam
1311 1871 1351 1920 re

298 1961 442 2057 privata
474 1961 630 2057 publicis
670 1960 921 2033 exactionibus
963 1959 1111 2049 detrita,
1148 1959 1352 2034 transferre

299 2074 429 2147 solent.
481 2073 775 2147 Debent'autem
802 2073 968 2147 homines
999 2072 1248 2164 considerare,
1278 2097 1352 2146 uon

298 2186 408 2259 modo
442 2187 684 2260 laborandum
720 2211 798 2260 esse
829 2186 886 2276 iis,
919 2186 1051 2283 quibus
1085 2186 1352 2282 patrimonium

299 2309 456 2389 nonest,
474 2310 518 2371 ut
535 2299 672 2388 vivant,
692 2299 758 2372 sed
775 2285 891 2372 etiam*
903 2299 1155 2395 pugnandum,
1173 2311 1220 2372 ut
1250 2300 1351 2373 labo-

299 2421 393 2485 rent.
440 2412 700 2508 Unusquisque
713 2411 940 2502 ludaeorum,
960 2412 1023 2507 qui
1036 2424 1204 2508 tempore
1223 2413 1352 2487 Esdrae

298 2549 423 2598 muros
447 2524 680 2598 Hierusalem
703 2523 945 2616 aedificabant,
963 2550 1038 2598 una
1061 2550 1174 2599 mauu
1191 2526 1353 2600 faciebat

298 2662 403 2734 opust,
434 2638 550 2711 altera
580 2639 732 2711 tenebat
760 2638 936 2735 gladium.
965 2703 968 2710 .
998 2640 1043 2712 In
1071 2640 1171 2712 omni
1199 2641 1353 2716 civitate

299 2751 539 2847 cogitandum
562 2763 629 2840 est,
648 2776 809 2841 manum,
842 2776 924 2848 quae
951 2751 1115 2848 gladium
1138 2763 1256 2840 tenet,
1275 2779 1352 2828 esse

299 2889 426 2961 regem
453 2865 512 2938 vel
530 2865 674 2936 curium
692 2889 876 2952 turinorum,
895 2877 932 2939 et
949 2865 995 2938 ab
1007 2865 1199 2939 industria
1217 2867 1352 2940 civium

299 3003 374 3052 non
392 2979 512 3051 minus
529 2979 698 3052 alendam
715 3002 794 3052 esse
812 2978 886 3068 illa,
903 3003 977 3074 qua
994 2979 1147 3074 quisque
1160 2979 1353 3054 fortunam

297 3115 403 3166 suam
435 3093 616 3187 priuatam
650 3091 872 3164 fabricatur:
910 3090 1119 3188 uectigalia
1152 3101 1281 3165 autem
1316 3105 1353 3166 et

300 3205 444 3278 tributa
460 3205 552 3277 nihil
576 3204 675 3278 aliud
704 3228 794 3294 essa,
823 3214 959 3300 praeter
985 3203 1194 3277 mercedem
1223 3229 1353 3280 eorum

299 3319 362 3413 qui
374 3318 506 3391 armati
522 3317 687 3414 vigilant,
701 3341 748 3390 ne
759 3316 941 3390 industria
954 3317 1182 3412 singulorum
1199 3317 1353 3392 incrusu

298 3432 461 3504 hostium
491 3430 829 3527 impediatru;11ac
857 3430 974 3527 magis
996 3431 1135 3526 justam
1165 3431 1353 3526 querimo-

299 3546 399 3618 niam
417 3569 495 3618 esse
513 3569 651 3634 eorum,
671 3545 735 3640 qui
760 3556 1017 3641 paupertatem
1043 3568 1146 3618 suam
1164 3545 1353 3640 pensioni-

298 3660 367 3732 bus
383 3658 539 3755 publicis
565 3659 760 3753 imputant,
779 3682 889 3753 quam
915 3659 946 3730 si
963 3657 1129 3731 dicerent
1155 3657 1286 3754 inopes
1313 3683 1352 3732 se

298 3773 379 3846 fieri
395 3782 547 3868 propter
565 3770 785 3844 solutionem
809 3770 1029 3844 debitorum.
1083 3770 1157 3844 Sed
1173 3770 1268 3844 nihil
1283 3771 1353 3844 ho-

299 3908 382 3957 rum
413 3884 553 3980 cogitat
587 3884 748 3959 maxima
779 3909 865 3981 pars
899 3884 1102 3960 hominum.
1157 3885 1354 3959 Patiuntur

299 3998 398 4071 enim
415 3997 513 4070 idem
528 3996 628 4092 quod
651 3998 689 4070 in
707 3999 848 4088 morbo,
866 3997 930 4093 qui
945 3997 1151 4093 appellatur
1169 3998 1352 4082 inutilium

301 4111 376 4206 qui,
395 4123 498 4185 ortus
516 4111 561 4184 ab
585 4111 758 4207 ingluvie,
777 4112 867 4185 lacit
890 4121 1014 4184 tamen
1031 4112 1201 4184 homines
1219 4123 1353 4208 putare

300 4247 340 4296 se
357 4223 492 4313 invadi,
511 4235 549 4298 et
576 4248 710 4321 magno
734 4225 897 4321 pondere
915 4223 1075 4320 opprimi
1100 4235 1139 4298 et
1164 4225 1351 4299 suffocari.
