2828 4912
348 307 404 360 nn
423 307 554 360 ernau
574 304 796 377 nonnum,
814 307 903 362 nnc.
1069 293 1137 363 165

97 475 211 550 mines
227 475 313 550 ullis
329 477 450 574 pactis
474 499 554 551 aesc
571 475 729 551 invicem
748 477 1040 569 obstrinxissent,
1056 478 1138 552 uni-
1171 507 1268 560 encr.
1283 507 1338 562 nr.

99 591 229 688 cuique
246 591 383 666 licebat
398 591 521 666 lacere
537 614 765 688 quaecunque
782 592 875 666 etin
903 613 1140 689 quoscunque
1179 583 1322 691 »L-

98 703 249 794 libebat,
267 717 308 778 et
322 705 523 802 possidere,
540 703 608 796 uti,
623 705 696 778 frui
707 705 888 796 omnibus,
901 729 984 802 quae
994 704 1141 779 volebat

100 829 138 890 et
151 829 314 914 poterat.
366 817 551 892 Quoniam
566 817 677 908 enim,
692 841 921 915 quaecnnquc
938 817 1020 915 quis
1035 817 1140 892 volu-

100 931 180 1021 crit,
198 929 286 1004 idco
301 931 401 1004 bona
416 929 485 1004 sibi
501 929 675 1004 ridentur
693 931 781 1028 quia
797 955 842 1005 ea
857 931 948 1022 vult,
972 943 1142 1028 possunt

101 1065 169 1139 qne
202 1042 264 1116 vel
300 1043 506 1117 conducere
548 1041 597 1116 ad
630 1043 685 1116 sni
720 1043 1050 1130 conservationem,
1085 1043 1142 1118 vel

102 1155 231 1230 saltem
249 1155 457 1230 conducere
477 1155 619 1230 videri:
643 1155 805 1253 judicem
833 1171 968 1248 autem,
992 1181 1039 1231 an
1056 1179 1144 1230 vere

102 1271 313 1344 conducant
329 1293 458 1361 necne,
475 1267 709 1366 praecedente
724 1269 892 1360 articulo,
910 1269 1030 1368 ipmm
1055 1292 1143 1345 con-

103 1383 303 1473 stituimus,
318 1381 373 1456 ita
387 1395 431 1457 ut
453 1381 625 1458 habenda
640 1381 715 1457 sint
731 1405 799 1480 pro
816 1382 1044 1474 necessariis,
1061 1405 1145 1480 quae

102 1497 177 1592 ipse
189 1495 282 1570 talia
289 1495 457 1593 judicat:
485 1509 523 1572 et
539 1499 621 1594 (per
632 1496 827 1571 articulum
842 1501 883 1593 7)
893 1499 986 1594 jure
996 1507 1145 1571 acturae

102 1611 196 1683 fiunt
223 1623 265 1682 et
288 1609 483 1701 habentur,
512 1633 595 1707 qnae
620 1611 827 1685 neceaeario
855 1610 1069 1684 conducunt
1090 1611 1144 1684 ad

101 1723 296 1797 tuitionem
326 1723 488 1820 propriae
504 1723 591 1798 vitae
608 1735 646 1798 et
671 1725 942 1798 membrorum:
968 1723 1145 1820 seqnitur,

102 1837 227 1911 omnia
256 1836 393 1911 habere
417 1849 456 1910 ct
479 1837 602 1912 facere
629 1837 668 1911 in
698 1849 799 1912 statu
815 1847 958 1910 naturae
975 1836 1145 1910 omnibus

102 1949 226 2024 licere.
278 1949 329 2023 Et
356 1951 428 2025 hoc
462 1963 519 2025 est
548 1951 648 2048 quod
674 1950 787 2049 vulgo
816 1949 963 2035 dicitur,
989 1947 1145 2024 Natura

104 2061 211 2137 dedit
229 2063 354 2136 omnia
370 2063 548 2138 comibus.
598 2065 654 2138 Ex
683 2087 757 2162 quo
786 2063 895 2137 etiam
927 2061 1147 2159 intelligitur

103 2175 139 2250 in
157 2187 262 2250 statu
278 2187 419 2249 naturae
436 2199 645 2251 mensuram
654 2177 761 2273 juria
778 2199 857 2249 etse
874 2175 1085 2249 utilitatem.

156 2296 217 2363 ll.
245 2286 399 2361 Minime
427 2301 552 2363 autem
580 2287 673 2363 utile
700 2289 909 2364 hominibus
936 2287 1019 2381 fnit,
1049 2287 1203 2385 quodum
1211 2309 1311 2388 mna„

98 2399 309 2499 hujusmodi
326 2401 523 2476 habuerint
540 2402 579 2476 iu
596 2401 719 2476 omnia
726 2401 797 2498 jur
810 2424 1016 2476 commune
1049 2401 1145 2477 Nam
1159 2377 1301 2486 dium,

100 2515 255 2589 effectus
272 2513 351 2610 ejus
359 2515 466 2610 juris
483 2515 581 2589 idem
598 2537 694 2612 penc
710 2527 780 2606 est,
797 2539 842 2590 ac
865 2517 895 2590 si
912 2515 1053 2590 nullum
1071 2540 1148 2590 om·

100 2627 188 2702 nino
204 2629 277 2724 jur
301 2627 502 2702 exstiterit.
554 2628 788 2726 Quamquam
811 2629 908 2704 enim
933 2628 1083 2726 quiade
1107 2650 1148 2702 rc

101 2739 200 2814 omni
218 2751 368 2837 poterat
389 2740 513 2814 dicere
536 2741 605 2814 boc
621 2765 737 2814 meum
759 2749 818 2814 ert
828 2769 842 2825 ,·
868 2739 940 2815 frui
962 2753 1086 2815 tamen
1104 2763 1149 2814 ea

100 2877 174 2928 non
201 2865 351 2951 poterat
379 2867 532 2951 propter
560 2853 732 2945 ricinum,
757 2855 818 2952 qni
845 2855 975 2951 aequali
992 2855 1086 2951 jure
1111 2865 1149 2927 et

102 2967 236 3064 aequali
254 2965 291 3040 vi
308 2967 565 3063 pretendebat
580 2966 678 3041 idem
695 2989 775 3041 ease
791 2991 911 3042 suum.

156 3091 216 3155 12.
242 3079 304 3153 Ad
321 3081 526 3154 naturalem
548 3081 738 3155 hominum
758 3081 1027 3178 proclivitatem
1044 3079 1092 3155 od
1109 3103 1147 3155 se
1160 3103 1363 3216 wffl

102 3205 234 3267 mutuo
250 3193 516 3284 lacessendum,
533 3217 643 3290 quam
660 3193 708 3268 ab
725 3193 927 3286 effectibus,
942 3193 1148 3292 praesertim
1161 3237 1244 3282 „nm
1256 3249 1308 3281 m

101 3409 153 3467 bit.
194 3405 292 3483 ipsius
305 3423 376 3484 ergo
390 3405 521 3464 facientis
530 3404 642 3483 judicio
655 3405 684 3463 id
695 3407 773 3484 quod
786 3405 829 3476 fit,
837 3407 904 3484 jure
917 3407 960 3476 fit,
975 3407 1019 3466 vel
1033 3407 1153 3486 injuria;

102 3501 200 3577 noque
218 3497 287 3577 jure
309 3497 351 3556 tit.
401 3497 509 3556 Verum
532 3517 603 3575 ergo
625 3507 676 3568 est,
699 3499 729 3556 in
751 3507 827 3556 statu
852 3517 930 3558 mere
951 3501 1082 3570 naturali,
1096 3511 1151 3559 etc.

103 3591 228 3656 Quodsi
243 3591 308 3667 quis
319 3589 354 3647 ad
369 3591 413 3647 oni
427 3591 671 3648 conservationem
692 3591 834 3667 pertinere
848 3591 1008 3667 pretendit,
1023 3593 1153 3669 quodne

102 3685 164 3759 ipre
177 3683 297 3760 quidem
306 3681 450 3758 pertinere
460 3690 551 3758 putat,
561 3699 681 3758 peccare
692 3691 787 3759 potest
796 3691 898 3741 contra
908 3683 985 3760 leger
994 3683 1153 3752 naturalem

103 3785 137 3833 ut
149 3777 247 3851 cupite
263 3775 351 3832 tertio
364 3771 427 3832 luae
438 3773 611 3849 explicatum
623 3783 676 3832 eet.
716 3773 871 3852 Objectum
881 3783 949 3833 csta
959 3775 1153 3851 quibusdam:

103 3867 125 3922 si
147 3865 226 3923 filius
247 3873 359 3941 patrem
381 3863 566 3934 interfecerit,
587 3874 684 3922 utrum
708 3866 782 3940 patri
804 3863 936 3941 injuriam
962 3883 1019 3923 non
1043 3863 1153 3925 lecerit

105 3955 274 4033 Respoudh
292 3955 384 4015 tilium
406 3957 435 4014 in
459 3965 534 4014 statu
559 3957 679 4014 naturali
704 3957 825 4033 intelligi
847 3973 904 4014 nou
927 3975 1018 4033 posse,
1041 3959 1153 4036 utqui,

104 4049 189 4106 simul
203 4057 292 4126 atque
307 4057 390 4106 natus
404 4057 456 4118 est,
470 4049 498 4106 ln
513 4057 655 4125 potestate
669 4059 699 4107 et
710 4050 765 4107 sub
779 4049 899 4124 imperio
913 4057 957 4106 ert
968 4049 1030 4127 ejus
1043 4051 1089 4109 cui
1104 4051 1153 4109 de»

105 4139 156 4197 bet
175 4141 423 4199 conservationem
444 4143 504 4199 rui:
524 4141 641 4210 scilicet,
662 4141 770 4208 matris,
783 4140 828 4198 rel
849 4141 945 4218 patris,
960 4140 1004 4200 vel
1028 4143 1154 4222 ejusqui

106 4235 218 4306 prabet
231 4235 284 4310 ipsi
298 4233 450 4302 alimenta;
470 4243 503 4290 ut
521 4233 614 4309 capite
628 4249 705 4291 nono
718 4233 942 4291 demonstratum
959 4243 1010 4292 eat.
