2918 4912
282 332 336 384 on
356 331 508 384 narsus
530 329 762 383 crvrnarun
782 329 1021 383 aenomaus.
1099 317 1172 382 235

517 823 679 898 CAPUT
705 823 787 896 VII.

204 999 251 1047 Du
271 997 396 1048 TRIBUS
415 997 614 1046 clviraruu
633 997 831 1061 SPECIEBUS,
851 997 1101 1064 camoenam,

392 1097 664 1160 salsrocnnrlrt,
683 1097 908 1146 monstrauit.

128 1219 155 1273 1.
179 1213 312 1272 Civitatis
325 1222 383 1271 tres
397 1233 457 1270 esse
472 1221 581 1269 tantum
591 1213 715 1286 species:
730 1212 944 1280 democratiam,
959 1213 1174 1278 aristocratiam‚

168 1305 375 1362 monarchiam.
416 1307 444 1363 2.
464 1304 661 1380 Oligarcbiam
681 1321 739 1360 non
753 1323 814 1362 esse
827 1313 933 1362 statum
948 1305 1070 1363 civitatis
1083 1305 1176 1362 direr-

169 1416 233 1455 sum
255 1398 293 1454 ab
320 1398 507 1466 aristocratia,
530 1415 624 1472 neque
647 1397 810 1454 anarcbiam
834 1416 895 1454 esse
918 1405 1024 1456 statum
1050 1399 1176 1456 omnino.

170 1496 198 1550 3.
219 1490 414 1565 Tyrannidem
430 1507 486 1546 nou
507 1508 568 1546 esse
591 1497 696 1546 statum
720 1482 842 1546 civitatis
856 1491 999 1548 diversum
1014 1507 1032 1548 a
1050 1491 1178 1567 legitima

170 1581 347 1638 monarchia.
387 1583 415 1636 4.
437 1579 504 1637 Non
519 1580 579 1636 dari
594 1590 699 1637 statum
714 1581 836 1638 civitatis
847 1583 968 1638 mixtum
979 1601 1014 1638 ex
1027 1583 1178 1657 speciebus

170 1673 264 1730 dictis.
284 1676 313 1732 5.
334 1671 557 1740 Democratiam‚
569 1673 622 1729 nisi
637 1681 715 1728 carta
727 1681 857 1748 tempora
870 1681 900 1730 et
911 1673 976 1731 loca
989 1675 1178 1732 conveniendi

171 1765 391 1831 constituantur,
406 1763 532 1821 dissolvi.
570 1767 599 1822 6.
619 1762 655 1820 In
670 1765 853 1831 democratia,
868 1773 1030 1841 temporum
1044 1768 1179 1824 conveni·

172 1859 239 1915 endi
252 1857 402 1916 intervalla
415 1864 529 1932 oportet
542 1874 602 1914 esse
616 1875 712 1932 parva,
728 1858 771 1914 vel
785 1859 888 1916 summi
903 1859 1015 1934 imperii
1028 1877 1112 1916 usum
1125 1877 1179 1935 pro

171 1950 328 2008 intervallis
353 1950 403 2007 uni
430 1948 516 2006 alicui
542 1967 604 2006 esse
630 1949 856 2008 concedendum.
905 1954 933 2014 7.
953 1951 987 2009 In
1006 1951 1182 2010 democratia

172 2042 278 2118 singuli
293 2059 359 2098 cum
373 2040 492 2118 singulis
506 2041 672 2100 obedituros
685 2061 715 2099 se
729 2043 836 2118 populo
850 2043 1043 2118 paciscuntur,
1057 2043 1181 2120 populus

128 2131 131 2136 ’
172 2136 233 2210 ipse
248 2133 355 2191 nemini
370 2133 523 2208 obligatur.
564 2135 591 2190 8.
613 2133 804 2192 Aristocratia
825 2135 930 2210 quibus
950 2135 1062 2194 actibus
1075 2137 1181 2193 consti·

172 2235 245 2284 tnta.
284 2229 314 2284 9.
343 2225 378 2282 In
399 2224 585 2292 aristocratia,
607 2227 758 2302 optimates
781 2227 852 2283 nibil
872 2227 1067 2304 paciscuntur,
1086 2246 1181 2304 nequa

173 2319 231 2376 civi
251 2317 397 2394 cuiquam,
419 2324 469 2374 aut
491 2316 545 2372 tuti
569 2317 677 2394 populo
702 2318 875 2394 obligantur.
918 2323 964 2378 10.
986 2319 1182 2395 Optimatibus

172 2411 335 2468 necessaria
355 2417 398 2466 est
419 2407 564 2466 condictio
578 2417 781 2468 conventuum.
823 2415 870 2470 11.
890 2410 1064 2470 Monarchia
1076 2412 1182 2488 quibus

172 2503 287 2560 actibus
303 2502 466 2559 constituta.
510 2504 556 2562 12.
577 2500 750 2560 Monarchia
772 2503 879 2560 nemini
902 2503 940 2562 ob
963 2512 1112 2580 receptum
1129 2505 1182 2562 im·

172 2596 288 2672 perium
300 2594 391 2670 pactis
412 2595 564 2672 obligatur.
608 2597 652 2653 13.
672 2593 846 2654 Monarchia
866 2614 979 2672 semper
1001 2596 1030 2652 in
1054 2595 1184 2672 potentia

173 2687 307 2763 proxima
320 2693 363 2743 est
376 2686 412 2743 ad
434 2685 626 2744 exercendum
640 2703 738 2744 omnes
752 2693 842 2755 actus,
853 2685 904 2762 qui
922 2687 959 2744 ad
972 2687 1124 2762 imperium
1138 2705 1183 2744 re-

174 2780 339 2854 quiruntur.
379 2781 426 2838 14.
448 2779 527 2843 Quid
548 2797 639 2854 genus
658 2779 769 2853 peccati
787 2785 816 2836 et
830 2796 954 2854 quorum
967 2779 1116 2836 hominurn
1135 2779 1182 2850 sit,

175 2869 294 2945 quando
318 2869 417 2926 civitas
440 2869 576 2927 adversus
603 2870 687 2938 cives,
710 2869 755 2927 vel
781 2870 858 2928 cives
878 2870 1014 2928 adversus
1038 2871 1181 2929 civitatem

176 2961 273 3019 officio
286 2980 339 3018 sno
352 2960 589 3039 coniunguntur.
631 2964 678 3021 15.
697 2959 859 3019 Monareha
872 2960 966 3021 lactus
976 2963 1037 3020 sine
1046 2963 1184 3038 temporis

175 3053 355 3122 limitatione,
368 3061 463 3128 potest
479 3070 673 3111 successorem
685 3071 769 3110 suum
783 3053 898 3130 eligere.
939 3057 984 3114 16.
1006 3053 1053 3112 De
1071 3073 1185 3112 monar-

177 3147 241 3203 chis
256 3145 294 3202 ad
306 3152 430 3220 tempus.
473 3145 519 3208 17.
541 3143 711 3212 Monarcha,
726 3145 913 3221 retentojura
934 3146 1055 3222 imperii,
1069 3165 1127 3204 non
1141 3147 1185 3204 in-

177 3237 317 3314 telligitur
339 3237 398 3294 ullo
418 3237 559 3312 promisso
572 3236 748 3293 transtulisse
764 3235 814 3312 jus
830 3237 859 3293 in
874 3237 968 3295 media
981 3237 1019 3295 ad
1032 3239 1184 3315 imperium

177 3329 348 3389 necessaria.
391 3330 437 3388 18.
451 3328 565 3392 Quibus
578 3328 671 3386 modis
684 3329 754 3386 civis
769 3327 947 3406 subjectione
960 3330 1106 3389 liberatur.

142 3459 175 3522 l.
201 3449 373 3520 DicnuM
396 3446 474 3541 jam
491 3458 549 3518 est
566 3445 611 3518 de
638 3445 789 3519 civitate
807 3471 885 3544 per
916 3448 1186 3522 institutionem
1214 3466 1311 3516 sacr.
1325 3467 1379 3516 111.

138 3564 178 3635 in
195 3583 342 3658 genere.
394 3559 601 3632 Dicendum
618 3572 673 3634 est
692 3559 739 3632 de
756 3563 835 3656 ejus
852 3562 1054 3658 speciebus.
1105 3562 1185 3634 Dil—
1225 3543 1369 3648 ..ᾧ

139 3674 299 3749 ferentia
315 3684 439 3745 autem
457 3673 648 3746 civitatum
666 3673 823 3746 sumitur
840 3699 863 3747 a
880 3674 1087 3750 differentia
1103 3698 1186 3770 per·
1199 3686 1349 3732 Civium

141 3785 467 3882 sonarum,quibus
478 3785 714 3858 commissum
725 3797 781 3859 est
790 3810 964 3860 summam
978 3789 1184 3886 imperium.
1199 3757 1397 3861 poma

128 3900 399 3980 ¹Committitur
429 3911 554 4004 autem
584 3923 758 3973 summam
793 3899 1001 3999 inperium,
1029 3900 1088 3974 vel
1121 3883 1400 4000 coiffiffiffl

140 4017 291 4105 homini,
304 4013 363 4085 vel
381 4013 538 4086 concilio
555 4013 631 4085 sive
644 4013 761 4085 carice
772 4015 836 4086 nai
852 4015 1051 4087 multorum
1068 4015 1187 4087 homi-

140 4151 242 4199 nnm.
295 4127 435 4199 Rursus
464 4126 661 4198 concilium
684 4126 880 4198 multorom
910 4127 1103 4218 domicum,
1127 4128 1185 4201 vel

138 4255 196 4314 est
213 4240 379 4314 omnium
396 4239 541 4329 civium,
556 4237 608 4312 ita
620 4249 663 4312 ut
680 4239 833 4335 quilibet
844 4263 971 4312 eorum
981 4241 1041 4336 jus
1052 4242 1186 4314 habeat
