2896 4914
231 327 286 378 DE
306 327 411 380 Loco
431 327 603 380 ontuc'rt
622 325 881 394 APPARENTE,
900 325 989 379 ETC.
1094 313 1140 376 53

106 495 409 592 perpendiculum
443 496 540 572 oculi
573 496 782 571 reflectatur
816 493 864 568 ad
897 495 1043 568 oculum
1075 516 1142 592 per
1175 525 1271 580 sm,
1291 525 1329 579 u.

104 611 193 694 LE3
222 623 371 707 oportet
392 611 469 709 jam
495 610 616 684 locum
641 608 810 706 imaginis
827 607 963 706 obJ'ecti
982 607 1051 682 HI
1078 607 1140 682 de·
1179 604 1321 712 *L

102 723 309 798 terminare.
1152 745 1352 804 amenum

151 839 349 911 Ducentur
377 838 480 928 HM,
508 837 576 912 IN
605 835 787 934 parallelae
809 847 919 910 rectae
946 834 1038 926 AC,
1064 811 1353 920 siveffllffl

101 965 269 1024 secantes
295 951 368 1024 ΕΒ
385 949 736 1048 perpendiculariter
763 949 801 1022 in
826 951 859 1024 Ο
885 965 924 1023 et
941 949 992 1023 P:
1019 971 1140 1046 sump-
1151 939 1342 1052 fflffl'*

99 1081 222 1162 taeque
248 1064 322 1138 sint
339 1065 437 1155 OM,
464 1065 538 1139 ΡΝ
565 1064 721 1162 aequales
745 1062 832 1160 ipsis
858 1063 894 1137 H
909 1064 954 1152 Ο,
973 1062 1042 1158 lP.
1093 1064 1142 1136 Et

101 1205 122 1252 a
138 1179 289 1276 punctis
307 1179 360 1269 M,
378 1179 414 1251 N
433 1178 615 1253 ducantur
633 1179 672 1252 M
689 1179 733 1268 R,
753 1179 787 1252 N
802 1178 839 1268 S,
856 1177 1039 1276 parallelae
1054 1177 1083 1250 B
1098 1178 1140 1266 E,

101 1295 382 1390 terminataque
396 1294 435 1366 in
452 1294 526 1367 CA
542 1293 724 1390 producta
739 1291 787 1368 ad
804 1293 839 1366 R
855 1303 894 1365 et
909 1292 946 1366 S.
998 1291 1140 1364 Deinde

101 1408 328 1482 ducanth
343 1407 388 1498 R,
403 1408 483 1494 BS,
497 1431 650 1505 quarum
666 1407 852 1480 BRsecet
868 1405 1044 1480 visualem
1060 1408 1090 1480 E
1105 1407 1139 1480 K

100 1523 138 1595 in
154 1523 197 1608 T,
216 1533 255 1594 et
274 1521 341 1594 BS
367 1533 466 1595 secet
482 1521 657 1596 visualem
675 1520 798 1595 ELin
815 1520 860 1594 V.
912 1519 1004 1594 Dico
1023 1521 1059 1595 H
1078 1544 1142 1618 ap·

101 1637 308 1732 pariturum
329 1635 368 1708 iu
384 1636 427 1725 T,
446 1647 484 1709 et
508 1637 525 1710 Ι
556 1636 669 1720 in.V;
697 1647 734 1709 et
751 1635 782 1708 si
800 1633 947 1731 quidem
976 1633 1141 1708 similiter

101 1773 295 1846 operemur
318 1773 385 1846 per
398 1762 532 1825 caetera
544 1760 682 1848 puncta
698 1749 834 1847 objecti
851 1749 888 1823 H
902 1749 931 1838 l,
942 1759 1061 1824 totum
1074 1749 1141 1822 ob·

99 1865 240 1959 jectum
257 1863 511 1960 appariturum
525 1863 563 1936 in
579 1863 612 1935 T
624 1863 667 1936 V.

149 1977 283 2051 Ductis
312 1977 410 2050 enim
427 1977 463 2051 H
478 1977 528 2067 X,
547 1977 564 2050 Ι
578 1976 611 2050 Υ
636 1987 747 2050 rectae
772 1975 849 2050 ΕΒ
874 1973 1068 2072 parallelis,
1085 1997 1142 2048 se-

103 2090 271 2166 cantibus
296 2090 375 2163 AC
399 2089 618 2186 productam
642 2089 681 2164 in
707 2089 743 2163 X
758 2105 797 2162 ct
813 2088 857 2178 Y,
881 2088 1141 2187 suppositoque

105 2204 203 2302 quod
221 2205 259 2278 X
275 2205 310 2278 R
326 2215 423 2278 esset
439 2203 559 2300 ipsum
584 2203 769 2302 objectum
785 2201 995 2292 videndum,
1019 2201 1140 2298 imago

103 2319 230 2417 puncti
262 2319 341 2414 ejus
369 2317 522 2392 extremi
547 2317 583 2390 X
610 2327 802 2414 appareret
826 2316 864 2390 in
890 2317 936 2406 A,
954 2327 992 2389 et
1020 2316 1141 2414 imago

103 2433 232 2530 puncti
249 2431 400 2505 alterius
426 2430 581 2506 extremi
599 2431 633 2504 R
659 2440 851 2528 appareret
878 2430 916 2504 in
942 2429 1056 2503 Csub
1074 2453 1139 2502 an-

104 2549 188 2644 gulo
205 2546 341 2620 visorio
360 2547 394 2620 A
407 2547 437 2618 E
451 2545 491 2618 0.
547 2544 723 2619 Similiter
743 2545 931 2643 supposito
956 2543 1055 2641 quod
1071 2543 1141 2617 YS

105 2663 224 2758 ipsum
254 2672 351 2734 esset
377 2660 574 2756 objectum,
601 2670 820 2757 apparerent
844 2681 989 2754 quoquc
1005 2667 1144 2756 puncta

107 2775 181 2870 ejus
199 2787 366 2848 extrema
377 2773 416 2845 iu
428 2772 555 2846 iisdem
570 2772 715 2870 punctis
729 2773 761 2844 Α
776 2781 814 2845 et
831 2771 872 2860 C,
883 2782 920 2844 et
937 2771 1003 2844 sub
1015 2769 1143 2844 eodem

108 2888 238 2984 angulo
265 2885 401 2960 visorio
425 2885 558 2960 AEC.
611 2885 760 2961 Quanto
786 2897 907 2958 autem
933 2883 970 2958 X
996 2895 1033 2957 et
1058 2883 1143 2957 Yin

110 3001 178 3075 suis
205 2999 390 3099 parallelis
416 3000 452 3072 X
464 2999 515 3090 H,
533 2998 593 3073 Yl
612 2999 728 3096 magis
752 3000 991 3074 retrahuntur
1008 3021 1052 3072 ex
1069 3021 1144 3072 una

111 3129 222 3210 parte,
241 3126 280 3189 et
293 3115 376 3204 les
394 3139 440 3187 ex
462 3113 588 3204 altera,
607 3127 713 3188 tanto
735 3115 851 3212 magis
877 3113 1032 3210 angulus
1048 3113 1144 3186 viso-

111 3228 183 3301 rius
200 3228 391 3317 decrescit,
410 3228 463 3301 ita
478 3239 522 3301 ut
534 3228 654 3326 posito
673 3227 819 3326 quidem
837 3229 873 3302 X
888 3228 926 3302 in
945 3227 995 3318 H,
1010 3227 1143 3302 Rvero

110 3342 145 3415 in
162 3343 214 3432 M,
232 3342 455 3417 videbuntur
478 3341 514 3415 H
531 3352 568 3416 et
585 3342 626 3414 M
644 3343 710 3416 sub
728 3343 862 3440 angulo
887 3341 1022 3416 visoria
1040 3343 1143 3438 cujus

111 3457 263 3530 semissis
281 3475 338 3530 est
355 3455 427 3530 BE
442 3457 488 3530 Κ.
553 3457 649 3530 Item
664 3455 784 3554 posito
801 3456 885 3540 Yin
900 3457 929 3546 l,
943 3467 981 3529 et
999 3455 1076 3530 Sin
1094 3455 1142 3545 N,

110 3570 326 3645 videbuntur
343 3570 359 3644 l
377 3581 415 3643 et
432 3570 468 3642 N
482 3570 549 3643 sub
567 3569 702 3668 angulo
712 3569 846 3644 visorio
864 3571 967 3668 cujus
984 3569 1142 3644 semissis

115 3695 166 3758 est
182 3685 211 3757 B
224 3685 254 3758 E
265 3684 308 3759 L.
358 3684 426 3756 Est
451 3694 573 3758 autem
602 3693 679 3758 tam
708 3683 863 3781 angulus
881 3682 912 3756 Β
923 3684 953 3757 Ε
964 3684 1005 3774 L,
1032 3707 1143 3780 quam

115 3799 262 3894 angulus
281 3798 413 3886 ΒΕΚ,
430 3797 550 3871 minor
566 3797 701 3895 angulo
720 3798 839 3872 ΒΕΑ
856 3798 1004 3872 semisse
1017 3797 1142 3894 anguli

116 3911 144 3982 A
158 3913 187 3984 Ε
199 3913 241 4003 C,
267 3913 335 3986 sub
364 3935 437 4008 quo
460 3911 633 4012 videntur
661 3912 697 3986 X
716 3922 754 3986 et
774 3912 808 3985 R
835 3913 955 4010 posita
978 3912 1017 3984 in
1039 3923 1143 3986 recta

115 4026 286 4120 producta
306 4027 394 4100 AO.
447 4027 560 4101 Porro
585 4026 616 4100 si
634 4027 670 4101 H
690 4026 762 4101 etl
787 4027 904 4124 magis
931 4025 1050 4100 adhuc
1084 4049 1142 4100 re-

116 4140 300 4216 trahantur
317 4165 363 4214 ex
385 4163 460 4214 una
475 4151 591 4236 parte,
609 4152 647 4214 et
664 4141 710 4230 lt,
729 4140 754 4214 S
772 4163 817 4214 ex
842 4140 969 4230 altera,
987 4140 1142 4237 angulus

119 4251 263 4328 visorius
293 4256 361 4328 sub
379 4278 452 4350 quo
478 4253 690 4328 viderentur
704 4263 867 4328 extrema
879 4263 1018 4352 puncta
1033 4254 1083 4344 X,
1095 4254 1140 4346 R,

118 4367 170 4440 vel
184 4369 227 4459 Y,
242 4368 279 4460 S,
297 4368 418 4444 adhuc
435 4366 506 4442 erit
530 4367 661 4458 minor,
680 4367 797 4446 donec
826 4379 987 4442 retracta
1003 4366 1042 4442 in
1059 4367 1141 4446 infi-
