2876 4908
315 295 386 362 364
741 305 928 360 anniam.

115 501 214 558 sace.
230 504 280 559 nr.
313 473 689 576 amalarispromet
704 483 775 550 eto.
803 475 897 548 Cum
908 497 997 572 ergo
1010 472 1135 548 Moses
1147 473 1245 550 solus
1255 475 1349 550 verli

124 583 267 690 ᾧ
311 585 389 662 Dei
406 590 560 663 acaciae
578 601 686 680 esset,
700 611 821 687 neque
834 599 915 664 erat
932 613 1059 663 ecanae
1077 589 1349 687 interpretandi

309 723 423 798 penes
439 703 628 802 privatos,
653 727 721 777 nec
744 726 864 802 penes,
883 727 1134 802 synagogam,
1152 726 1224 776 neo
1245 727 1348 800 penes

308 815 629 906 sacerdotemnec
638 841 752 914 penes
763 815 1093 914 aliosprophetas;
1108 816 1349 906 restitante-

301 929 453 1028 pretem
470 929 574 1004 cerbi
592 930 669 1004 Dei
685 953 801 1004 unum
817 929 928 1004 fuine
946 927 1089 1020 Mosen,
1101 928 1166 1024 qui
1178 952 1349 1006 summam

309 1042 421 1116 etiam
433 1053 654 1140 potestatem
667 1043 828 1117 habebat
845 1042 884 1116 in
902 1041 1011 1116 rebus
1029 1041 1221 1128 civilibus;
1244 1055 1350 1120 certe-

307 1179 393 1229 men
406 1169 530 1230 autem
544 1156 638 1231 Oore
650 1168 688 1231 et
702 1168 920 1234 oaeteromm
933 1157 1210 1252 conjuratomm
1228 1169 1349 1232 eontra

309 1269 440 1343 Mosen
459 1280 497 1344 et
514 1269 711 1359 Aaronem,
730 1282 768 1343 et
788 1268 947 1344 Aaronis
971 1291 1056 1342 oum
1080 1291 1207 1344 sorore
1229 1282 1349 1345 contra

309 1381 453 1472 Mosen,
481 1383 698 1458 suscitatum
721 1381 845 1472 fuisse,
873 1405 947 1455 non
973 1393 1127 1479 propter
1150 1381 1348 1458 animorum

309 1518 457 1570 suemm
480 1497 646 1588 salutem,
677 1495 742 1570 sed
767 1506 920 1595 propter
946 1495 1187 1571 ambitionem
1210 1507 1250 1572 et
1274 1521 1348 1594 reg-

307 1633 396 1684 num
414 1611 452 1684 in
469 1611 658 1709 populum.

216 1731 252 1762 ⁰¹*
363 1732 418 1799 14.
437 1725 618 1821 Tempore
630 1725 652 1798 J
656 1746 766 1814 osuae,
781 1721 1052 1822 interpretatio
1066 1720 1193 1820 legam
1203 1735 1242 1798 et
1252 1723 1348 1798 verli

103 1856 136 1889 ¹¹·
153 1859 290 1896 ‘swevo-
307 1837 387 1912 Dei
404 1847 490 1912 crat
516 1861 628 1936 penes
653 1837 870 1912 Eleazarum
893 1859 1076 1910 summum
1106 1838 1346 1926 sacerdotem,

109 1921 122 1952 ⁰
182 1926 224 1958 m
308 1951 538 2047 eundemque
555 1963 691 2048 regem¹
708 1951 775 2024 sub
801 1951 880 2025 Deo
908 1950 1130 2024 absolutum.
1183 1949 1228 2024 ld
1255 1949 1347 2048 quod

307 2064 504 2160 colligitur,
528 2065 661 2163 primo,
680 2087 726 2140 ex
743 2064 823 2162 ipso
844 2073 980 2162 pacto,
997 2065 1035 2139 in
1054 2087 1128 2160 quo
1147 2064 1347 2162 respublica

306 2178 556 2252 Israelitarum
587 2179 791 2278 appellatur
818 2202 976 2276 regnam
1005 2177 1261 2268 sacerdotale,
1294 2177 1346 2252 vel

304 2291 533 2366 utreoitetur
550 2293 584 2386 (l
603 2293 681 2367 Pet.
695 2292 732 2366 ii.
745 2292 785 2386 9)
801 2291 1055 2366 sacerdotium
1065 2290 1204 2388 regale
1214 2319 1228 2366 .·
1255 2291 1345 2390 quod

303 2405 405 2478 nullo
433 2405 543 2480 modo
563 2405 636 2480 dici
662 2417 819 2504 poterat,
838 2405 910 2480 nisi
929 2429 998 2503 per
1026 2405 1295 2480 institutionem
1311 2415 1345 2480 et

296 2528 455 2618 pactam
488 2520 615 2618 populi
644 2531 808 2617 potestas
843 2520 947 2616 regia
976 2519 1247 2616 intelligeretur
1273 2543 1344 2596 esse

302 2655 415 2728 penes
445 2633 691 2708 sacerdotem·
745 2635 875 2730 Neque
902 2642 1084 2732 repugnat
1112 2643 1200 2707 ante
1232 2633 1342 2722 dictis,

301 2745 365 2818 nbi
383 2769 458 2820 non
473 2747 598 2822 Aaron
619 2748 683 2822 sed
701 2747 824 2820 Moses
842 2769 998 2842 regnum
1016 2746 1083 2820 sub
1097 2745 1178 2820 Deo
1196 2747 1342 2830 habuit;

302 2882 386 2932 curn
404 2861 652 2934 necessarium
670 2861 729 2951 sit,
747 2861 812 2934 ubi
834 2883 929 2934 unus
954 2859 1066 2934 homo
1092 2859 1255 2935 instituit
1280 2861 1342 2934 rei-

300 2972 457 3069 publicae
482 2974 617 3050 futures
635 2974 804 3064 formam,
823 2973 928 3048 illum
955 2995 1071 3046 unum
1098 2996 1257 3070 regnum
1282 2999 1341 3072 pro

300 3109 366 3159 suo
384 3096 549 3184 tempore
574 3088 770 3176 moderari,
796 3087 871 3162 sive
889 3085 1121 3174 monarchia,
1149 3088 1228 3161 sive
1251 3087 1342 3162 aric-

300 3200 479 3290 tocratia‚
510 3202 584 3276 sive
620 3201 855 3276 democratia
886 3201 944 3289 sit,
977 3201 1077 3296 quod
1104 3200 1285 3288 instituit;
1309 3217 1342 3276 et

298 3310 434 3390 hebere
452 3315 656 3410 potentiam
683 3335 831 3388 omnem
855 3313 894 3387 in
923 3337 1097 3412 praesens,
1127 3339 1240 3412 quam
1269 3315 1341 3390 eliis

298 3423 504 3499 tributurus
533 3428 581 3501 sit
599 3427 638 3502 in
656 3427 835 3502 futurum.
890 3427 1075 3502 Habuisse
1100 3439 1227 3502 autem
1244 3429 1342 3504 Elea-

298 3562 425 3614 zarum
460 3541 691 3615 sacerdotem
725 3565 800 3616 non
835 3541 946 3616 modo
978 3540 1247 3634 sacerdotium,
1283 3541 1342 3616 sed

298 3653 410 3726 etiam
446 3653 639 3752 imperinm
670 3678 856 3745 sommam,
888 3677 1057 3752 expresse
1090 3655 1250 3731 habetur
1282 3677 1342 3753 per

296 3765 415 3864 ipsam
440 3767 462 3840 J
466 3791 565 3840 osuae
594 3767 642 3840 nd
666 3767 1024 3843 administrationem
1042 3792 1167 3842 rerum
1184 3768 1342 3844 vocatio-

296 3903 394 3956 nem.
451 3880 512 3955 Sic
531 3882 628 3954 enim
648 3883 827 3980 scriptum
846 3892 902 3956 est
923 3881 1051 3977 (Num.
1064 3883 1175 3957 xxvii.
1193 3883 1339 3978 laen:

301 3991 407 4068 Tolle
435 3993 589 4070 Josaam
601 3995 729 4092 sitiam
747 3995 847 4084 Nan,
876 4004 961 4078 etc,·
988 3994 1195 4094 quintabit
1220 4019 1341 4072 coram

296 4103 490 4181 Eleazaro
508 4108 720 4198 sacerdote,
734 4117 771 4182 ct
783 4109 879 4182 omni
891 4108 1149 4194 multitudine:
1178 4120 1216 4184 et
1235 4109 1341 4184 dabie

295 4218 331 4288 ei
343 4231 543 4319 precepta
566 4221 710 4296 caactis
734 4221 957 4312 videntibus,
973 4231 1012 4296 ct
1028 4232 1184 4321 partem
1203 4223 1340 4322 gloria
