2904 4912
94 511 194 568 SECT.
208 511 263 564 111.

103 589 250 693 ᾧ

83 4187 108 4218 m
118 4171 239 4217 Chnrtum

289 299 365 366 420
717 311 905 363 summo.

290 501 374 574 spes
389 488 448 551 est
463 477 687 568 inveniendi,
699 490 874 576 putamus
887 501 970 552 eam
987 479 1188 578 aliquando
1201 502 1341 572 veram,

290 591 487 686 aliquando
528 592 672 665 falsam.
739 593 909 666 Quorum
951 602 1148 690 utrumque
1186 594 1344 666 seorsim

290 705 445 800 opinari
489 704 637 795 dieitur,
685 715 811 800 atque.
841 705 955 778 etiam
999 706 1190 790 credere,·
1231 707 1343 779 ambo

290 816 412 907 simul,
441 816 633 891 dubitare.
684 817 843 893 Quando
874 843 963 893 vero
997 820 1161 894 rationes
1188 830 1341 908 nostrae,

288 941 444 1027 propter
460 955 551 1027 quas
568 932 788 1005 assentimur
799 934 1047 1030 propositioni
1063 935 1186 1024 alicui,
1199 958 1277 1006 non
1293 933 1341 1005 ab

290 1043 380 1141 ipsa
391 1044 670 1140 propositione,
684 1045 749 1118 sed
761 1070 787 1117 a
793 1070 963 1143 persona
975 1047 1230 1143 proponeretis
1245 1046 1339 1118 deri·

290 1167 438 1247 vanttu,
450 1167 494 1230 ut
511 1181 621 1253 quem
637 1158 691 1232 ita
705 1158 869 1255 peritum
882 1158 1104 1254 judicamus,
1121 1170 1166 1233 ut
1182 1184 1261 1232 non
1277 1159 1342 1232 fal·

291 1271 403 1359 latur,
430 1294 550 1367 neque
574 1295 724 1346 causam
745 1272 913 1346 videmus
939 1297 1054 1369 quare
1076 1272 1168 1346 velit
1190 1273 1340 1355 fallere;

292 1408 462 1457 assensus
487 1395 626 1474 noster,
654 1385 742 1482 quia
763 1387 928 1459 nascitur
950 1410 1027 1459 non
1052 1411 1076 1458 a
1098 1396 1251 1475 nostrae,
1279 1386 1343 1459 sed

292 1498 422 1576 alienae
446 1497 610 1572 scientiae
620 1498 786 1591 fiducia,
793 1498 900 1593 fides
917 1499 1136 1595 appellatm.
1187 1500 1238 1572 Et
1256 1523 1344 1596 quo-

291 1634 377 1684 rum
403 1610 542 1685 fiducia
568 1611 764 1698 credimus,
792 1610 874 1684 iltis
902 1612 961 1684 vel
991 1611 1031 1685 ire
1063 1611 1153 1684 illos
1185 1612 1343 1684 credere

293 1724 463 1798 dicimur.
514 1725 571 1798 Ex
586 1725 643 1814 iis,
662 1749 746 1820 quae
762 1724 863 1797 dieta
880 1737 978 1815 sunt,
997 1734 1152 1821 apparet
1171 1725 1343 1799 differen-

292 1839 357 1927 tia,
369 1838 542 1933 primum,
554 1837 779 1932 interficiere
791 1849 830 1910 et
841 1837 1142 1934 professionem:
1167 1837 1234 1910 illa
1246 1839 1344 1912 enim

293 1976 380 2050 cum
396 1975 546 2024 assensu
562 1951 708 2023 interno
730 1974 874 2046 semper
900 1952 1150 2047 conjungitur,
1168 1951 1253 2025 haec
1268 1976 1343 2024 nou

293 2090 449 2162 semper.
501 2065 570 2137 llla
595 2064 926 2160 animipcrsuasio
956 2065 1117 2152 interna,
1144 2065 1227 2138 haec
1259 2065 1344 2138 obe-

294 2180 433 2254 dientia
463 2189 617 2253 externa
642 2189 712 2251 est.
764 2177 919 2267 Deinde,
944 2178 1043 2250 inter
1051 2177 1175 2272 fidem
1199 2187 1239 2250 et
1263 2178 1344 2274 opi-

293 2294 465 2375 nionem
502 2291 583 2365 haec
614 2291 714 2364 enim
742 2301 881 2364 nostrae
910 2291 1047 2364 rationi
1072 2290 1259 2380 innititur,
1285 2289 1345 2361 illa

292 2406 422 2480 alienae
432 2405 705 2478 existimationi.
749 2404 929 2499 Denique,
939 2404 1038 2476 inter
1039 2403 1160 2497 fidem
1175 2413 1214 2476 et
1227 2403 1345 2476 sciea-

294 2521 386 2594 tiam
399 2547 412 2592 .·
439 2518 548 2614 hujus
566 2518 664 2591 enim
685 2528 741 2590 est
762 2516 1055 2613 propositionem
1072 2516 1345 2589 examinatione

293 2634 559 2708 comminutam
572 2644 611 2705 et
623 2655 791 2704 mansam
810 2631 910 2704 lente
923 2630 1141 2714 admittere3
1168 2630 1269 2702 illius
1283 2654 1344 2701 au-

292 2757 381 2836 tem,
412 2747 597 2841 integram
627 2743 821 2840 deglutire.
880 2744 1035 2817 Prodest
1068 2743 1118 2816 ad
1151 2743 1345 2817 scientiam

295 2858 492 2956 explicatio
516 2857 720 2944 nominum,
738 2856 871 2951 quibus
892 2856 943 2944 id,
962 2856 1064 2953 quod
1083 2856 1345 2953 inquirendum

294 2985 363 3063 est,
388 2971 630 3069 propositum
655 2969 731 3041 imo
756 2969 868 3042 unica
892 2969 954 3041 via
978 2969 1027 3041 ad
1051 2970 1252 3042 seientiam
1279 2981 1344 3058 est,

287 3111 367 3183 per
384 3084 648 3179 definitionem
674 3080 848 3175 adfidem
861 3093 987 3156 autem
999 3094 1111 3156 nocet
1127 3082 1212 3156 hoc.
1249 3083 1345 3156 Nam

296 3223 379 3295 quae
404 3221 515 3293 supra
535 3206 685 3293 captum
704 3195 908 3268 humanum
926 3193 1112 3268 credenda
1130 3219 1345 3293 proponun-

294 3323 369 3401 tur,
387 3334 578 3406 nunquam
603 3309 848 3405 explicatione
874 3307 1114 3398 evidentiora,
1132 3309 1200 3382 sed
1217 3322 1346 3383 contra

295 3425 510 3498 obscuriora
526 3434 565 3497 et
581 3422 726 3496 creditu
743 3421 951 3496 difficiliora
965 3423 1072 3495 fiunt.
1125 3423 1346 3519 Acciditque

294 3537 447 3627 homini,
464 3538 527 3633 qui
540 3535 833 3632 mysteriafia'ei
849 3534 994 3608 ratione
1010 3535 1172 3608 naturali
1188 3548 1348 3609 conatur

295 3650 562 3738 demonstrare,
580 3648 680 3721 idem
706 3648 806 3744 quod
832 3658 985 3744 aegroto,
1010 3648 1074 3743 qui
1097 3648 1233 3744 pilulas
1251 3649 1347 3722 salu-

294 3765 392 3853 bres,
425 3763 490 3837 sed
521 3785 677 3847 amaras,
707 3762 788 3835 vult
815 3761 917 3857 prius
948 3760 1137 3849 mandere,
1168 3785 1283 3857 quam
1309 3761 1346 3835 in

296 3878 526 3952 stomachum
552 3872 768 3958 demittere;
795 3898 841 3947 ex
859 3898 932 3969 quo
955 3874 1011 3963 fit,
1030 3885 1074 3956 ut
1096 3875 1224 3947 statim
1241 3899 1346 3950 revo-

294 4001 454 4081 mantur,
473 4014 556 4086 quae
574 3987 711 4084 alioqui
728 3987 914 4061 devoratae
931 4011 1017 4060 eum
1033 3999 1236 4062 sanassent.

84 4107 184 4186 pesa
196 4106 284 4152 “Q
348 4114 382 4178 5.
409 4104 577 4177 Vidimus
590 4126 691 4198 ergo,
703 4101 793 4198 quid
808 4101 858 4172 sit
875 4098 1043 4174 eredere.
1098 4100 1267 4175 Credere
1283 4127 1345 4176 au·

296 4229 372 4291 tem
386 4217 426 4290 ia
438 4216 663 4289 Cnursrum
677 4212 858 4308 quidest?
878 4211 934 4284 vel
939 4211 1041 4305 fidei
1055 4212 1095 4286 ia
1106 4213 1342 4304 Cnsrsruu,
