2904 4912
248 259 451 312 nnuncno
473 260 544 312 nm
566 260 646 312 nnn
665 261 833 315 sacrun
854 262 1021 315 novun.
1076 243 1147 324 375

114 450 242 500 mrsus
258 430 366 521 (vers,
379 427 417 522 8)
434 455 443 500 ι
469 425 675 500 Abscissas
686 435 743 499 est
756 427 803 500 de
816 437 923 502 terra
937 427 1153 502 vicentiam:
1183 465 1279 514 sm,
1297 465 1349 514 nr.

107 549 276 638 propter
287 539 557 638 sceiaspapaii
564 540 744 638 percussi
755 565 845 629 artur,
859 553 931 614 etc.
947 540 1151 634 (Ver5.12):
1195 543 1340 647 ᾧ
1363 565 1368 576 ’

112 655 171 728 Et
199 653 285 728 ideo
309 653 534 752 dispertiam
561 654 597 728 ei
621 651 822 750 plurimas,
848 664 887 728 at
898 653 1068 751 sortium
1096 653 1155 727 di-

113 767 218 840 aidet
245 767 383 866 spotia,
410 791 489 865 pro
515 791 558 838 eo
596 766 698 864 qaod
730 767 894 840 tradidit
929 769 967 840 ia
1002 774 1153 839 ctortem

112 880 275 954 animam
289 905 405 970 suam,
418 888 455 952 et
473 903 553 952 cam
570 877 772 952 sceleratis
789 888 988 977 reputatus
1006 888 1082 953 est:
1116 888 1154 951 et

112 993 198 1088 ipsc
222 1002 385 1090 peccata
411 991 607 1065 institorum
626 990 725 1079 tulit,
748 1002 786 1064 ct
800 1016 874 1092 pro
893 1003 1154 1090 transgresso-

112 1101 221 1178 ribus
239 1105 405 1202 ragacit.
457 1104 505 1177 Et
515 1104 702 1178 Zachariae
720 1104 784 1197 (ix.
799 1107 837 1198 9)
854 1133 862 1178 ι
904 1107 996 1203 Ipse
1003 1129 1154 1202 pauper

112 1217 323 1290 ascendens
352 1241 468 1315 saper
496 1216 653 1306 asinam,
680 1226 718 1289 et
736 1217 1010 1316 superpatiens
1025 1217 1154 1312 filiam

111 1331 244 1404 asina.

164 1453 200 1516 3.
229 1443 439 1538 Imperante
464 1440 611 1515 Tiberio
640 1440 794 1534 Caesare,
822 1444 1023 1542 praedicare
1044 1445 1302 1542 coepitgresnmase

111 1557 289 1630 Servator
298 1565 424 1628 noster
435 1555 457 1628 J
461 1575 564 1628 usus
578 1553 763 1646 Galilaeus,
776 1556 883 1648 filius,
894 1567 936 1631 ut
946 1559 1156 1655 putabatur,
1168 1531 1360 1576 ¹¹¹¹²m⁰¹m⁸²¹¹¹¹³¹

109 1669 279 1766 Josephi,
313 1667 541 1740 annuncians
580 1667 715 1763 populo
754 1668 967 1744 Judaeorum
1000 1697 1157 1770 regnam

111 1781 191 1868 Dei
209 1783 255 1856 ab
279 1781 371 1878 ipsis-
391 1790 641 1878 exspectatum
667 1783 998 1881 appropinquasse;
1026 1796 1063 1859 et
1080 1809 1157 1860 esse

110 1920 151 1969 se
177 1919 318 1992 regern,
336 1893 461 1984 idest,
480 1894 702 1967 Cumarum
723 1917 877 1980 lunum
905 1894 1025 1996 legem
1043 1898 1157 1996 expli-

111 2034 225 2092 cans;
257 2007 451 2106 apostotos
479 2006 672 2080 duodecim
701 2019 737 2082 et
768 2008 978 2107 dissipatos
1004 2022 1158 2110 septua-

106 2125 239 2222 ginta,
266 2120 467 2195 secundum
492 2143 686 2193 numerum
709 2121 916 2218 principum
933 2124 1094 2198 tribuum
1120 2142 1158 2198 et

110 2237 349 2334 septuaginta
375 2235 569 2324 seniorum,
596 2235 645 2309 ad
669 2235 945 2312 similitudinem
971 2241 1097 2330 MosiS,
1118 2239 1158 2312 in

108 2351 358 2424 ministerium
384 2371 594 2434 assumens3
621 2348 717 2420 aiam
742 2349 880 2422 calatis
897 2376 962 2448 per
979 2377 1018 2427 se
1036 2364 1075 2427 et
1091 2377 1157 2451 per

109 2465 197 2538 illos
227 2463 365 2536 doeens
376 2489 391 2546 ;
427 2461 606 2558 templum
636 2485 819 2558 purgans;
856 2463 961 2562 signa
994 2467 1159 2562 ingentia

109 2577 265 2667 faciens,
284 2588 322 2648 et
347 2599 390 2649 ea
416 2575 539 2650 omnia
563 2575 777 2672 adimplens,
795 2600 878 2672 quse
897 2580 1086 2676 prophetae
1112 2579 1158 2654 de

108 2691 241 2766 futuro
254 2689 400 2764 Christo
418 2687 609 2762 vaticinati
626 2687 785 2762 fueraut.
826 2689 938 2765 Hunc
955 2692 1157 2783 Pharisaeis,

111 2827 274 2902 quorum
287 2801 493 2877 doctrinam
506 2801 635 2874 falsam
652 2811 689 2874 et
702 2801 910 2878 simulatam
926 2807 1158 2882 sanctitatem

110 2915 412 3013 reprehenderat,
443 2926 481 2988 et
510 2937 578 3010 per
608 2937 670 2987 eos
696 2915 831 3012 populo
860 2917 1029 3010 invisum,
1054 2921 1158 3018 regni

109 3029 277 3104 affectati
303 3039 527 3117 accusatum,
555 3039 592 3102 et
617 3028 844 3120 crucifixum,
871 3031 1055 3130 descripta
1080 3035 1158 3130 ejus

109 3139 342 3239 genealogia,
356 3139 559 3229 nativitate,
577 3139 664 3229 vita,
681 3139 861 3232 doctrina,
879 3157 1011 3236 morte,
1037 3157 1075 3220 et
1100 3171 1158 3220 re-

111 3255 354 3342 surrectione,
372 3251 693 3350 comparandoque
718 3277 763 3326 ea
787 3278 870 3351 quae
894 3257 982 3331 fecit
1008 3283 1091 3334 cum
1114 3261 1158 3334 iis

112 3392 198 3468 quae
213 3367 393 3464 praedicta
409 3365 572 3456 fuerunt,
590 3391 718 3439 verum
735 3367 845 3442 fuisse
869 3371 1104 3465 Cnmsrnu,
1122 3388 1159 3448 et

112 3507 245 3582 regem
262 3503 287 3555 a
302 3482 381 3556 Deo
399 3480 631 3577 promissum,
650 3493 689 3554 et
712 3480 761 3553 ad
786 3485 1037 3560 renovandum
1062 3487 1159 3560 inter

110 3597 213 3694 ipsos
232 3605 271 3668 et
288 3594 408 3668 Deum
416 3602 574 3692 pactam
591 3617 719 3666 aarum
736 3617 760 3667 a
777 3595 855 3670 Deo
872 3608 977 3693 patre
994 3599 1157 3690 missum,

112 3720 151 3784 et
170 3707 372 3786 ostendunt
388 3705 644 3803 Evangelistae,
663 3720 700 3780 et
714 3705 910 3784 Christiani
928 3735 1053 3786 omnes
1071 3737 1158 3787 con-

112 3823 290 3898 sentiunt.
573 3821 607 3922 ‚¹

163 3945 200 4010 4.
228 3935 286 4008 Ex
311 3959 368 4024 eo,
387 3933 487 4032 quod
513 3934 727 4009 Cumanus
754 3960 777 4009 a
801 3935 880 4011 Deo
905 3948 1010 4034 patre
1026 3939 1158 4014 missus

112 4048 225 4124 tuerit
239 4049 288 4122 ad
299 4047 577 4145 percutiendum
579 4048 719 4146 scedas
737 4049 969 4147 interipsum
986 4064 1024 4127 et
1041 4077 1158 4150 popu-
