2912 4912
360 297 413 349 nn
434 296 563 350 erano
582 297 802 370 sensuum,
822 301 910 356 nro.
1082 290 1149 357 159

112 477 293 565 tanquam
309 467 359 542 ad
374 468 687 545 conservationem
702 467 803 567 pacis
823 479 860 545 et
876 469 989 546 totius
1005 472 1151 568 generis
1188 496 1286 562 mo,
1297 505 1349 562 ur.

111 580 268 654 hnmani
284 581 448 678 regimen
464 581 555 656 nihil
571 582 671 657 alind
684 604 775 681 opus
787 595 893 674 esset,
907 607 1017 683 quam
1028 593 1072 660 ut
1082 585 1151 659 ho-
1189 587 1332 694 -ss,

111 693 234 766 mines
251 693 290 768 in
306 704 416 790 pacta
438 706 476 768 et
498 695 726 770 conditiones
749 697 936 794 quasdam,
964 721 1053 796 quos
1079 697 1150 796 ipsi
1163 725 1361 804 Qum

107 807 191 904 jam
224 817 305 880 tum
343 807 442 904 leges
477 808 675 905 appellant,
715 810 975 884 consentirent.
1039 810 1150 894 Quod
1161 790 1341 902 mx*

111 921 271 1011 axioma,
303 943 522 1019 quamquam
547 945 570 994 a
595 921 760 1019 plurimis
788 934 988 1020 receptum,
1017 921 1149 998 falsum

111 1044 252 1124 tamen,
266 1055 440 1131 errorque
459 1058 482 1107 c
502 1032 610 1108 nimis
629 1034 701 1109 levi
716 1047 859 1112 natura
875 1035 1045 1110 hnmanae
1061 1061 1149 1114 oon-

112 1147 356 1243 templatione
379 1145 565 1243 profectus
593 1157 659 1222 est.
711 1145 847 1222 Causas
877 1148 986 1240 enim,
1017 1148 1149 1244 quibus

111 1259 283 1334 homines
299 1269 570 1358 congregantur
585 1273 624 1337 et
640 1261 813 1336 societate
829 1274 958 1336 mutua
973 1261 1147 1360 gaudent,

111 1375 275 1476 penitius
291 1373 578 1471 inspectantibus
594 1372 701 1448 facile
718 1374 911 1466 constabit,
923 1397 1000 1450 non
1012 1374 1095 1450 ideo
1108 1375 1149 1450 id

111 1489 206 1578 fieri,
230 1485 328 1584 qnod
345 1487 450 1560 aliter
464 1487 544 1560 fieri
560 1499 694 1562 natura
708 1509 784 1562 non
800 1488 927 1585 possit,
945 1486 1011 1562 sed
1027 1511 1073 1563 ex
1086 1513 1147 1564 ac-

112 1601 272 1676 cidente.
310 1601 406 1674 Nam
416 1600 566 1676 sihomo
575 1600 762 1676 hominem
771 1613 912 1676 amaret
920 1601 1147 1694 naturaliter,

111 1714 152 1790 id
168 1726 239 1806 cst,
255 1727 299 1790 ut
314 1713 520 1800 hominem
538 1714 639 1788 nulla
653 1714 748 1788 ratio
763 1713 869 1788 reddi
883 1725 1018 1812 posset,
1035 1738 1148 1812 qnare

110 1830 362 1927 unusquisqne
386 1850 681 1925 unumquemque
706 1849 781 1902 non
803 1850 907 1928 aeque
932 1839 1083 1918 amaret,
1105 1839 1148 1904 ut

112 1966 219 2041 aeque
246 1942 452 2028 hominem;
475 1953 541 2018 aut
565 1965 632 2016 cur
656 1965 718 2018 eos
743 1941 993 2039 frequentaret
1011 1940 1146 2038 potius,

111 2056 152 2130 in
169 2079 327 2153 qnorum
345 2055 518 2130 societate
535 2053 605 2150 ipsi
623 2053 871 2150 potiusquam
888 2051 967 2128 aliis
985 2051 1147 2128 delertm
1177 2039 1184 2056 ’

111 2169 235 2244 honor
257 2180 295 2243 et
314 2167 465 2242 utilitas.
516 2165 602 2242 Non
627 2166 746 2240 socios
767 2165 892 2264 igitur,
916 2165 982 2240 sed
1002 2165 1050 2240 eb
1075 2165 1147 2244 illis

110 2282 254 2356 honore
269 2282 329 2354 vel
346 2278 537 2356 commodo
553 2279 649 2354 affici
664 2287 798 2352 natmc
814 2278 1032 2377 quaerimus3
1066 2279 1146 2356 hoo

110 2394 300 2492 primario,
327 2393 408 2468 illos
424 2393 639 2468 secundario
656 2392 870 2490 appetimus.
923 2392 1007 2476 Quo
1023 2401 1147 2468 autem

111 2507 267 2582 consilio
284 2505 450 2581 homines
477 2515 758 2602 congregentur,
780 2527 826 2580 ex
845 2505 891 2578 iis
913 2505 1147 2602 cognoscitur

111 2645 195 2718 quae
211 2619 589 2716 faciuntcongregati.
629 2618 668 2692 Si
682 2630 815 2693 coeant
827 2617 924 2691 enim
937 2617 1147 2694 commercii

111 2759 235 2826 cansa,
248 2734 498 2831 unnsquisque
510 2757 585 2806 non
597 2731 747 2823 socium,
762 2731 828 2806 sed
838 2755 917 2805 rem
927 2754 1030 2805 suem
1041 2729 1145 2805 colio

111 2849 142 2922 si
159 2848 271 2923 officii
287 2871 408 2937 causa,
434 2847 598 2922 nascitur
618 2845 774 2921 forensis
791 2843 957 2942 quadam
973 2843 1145 2934 amicitia,

110 2963 193 3060 plus
209 2962 349 3036 habens
362 2961 480 3034 mutui
493 2969 611 3034 metus
628 2983 737 3056 quam
753 2957 904 3043 amoris;
920 2955 1019 3032 unde
1030 2955 1144 3032 factio

111 3074 310 3174 aliquando
327 3072 500 3164 nascitur,
521 3073 585 3148 sed
600 3071 855 3147 benevolentia
869 3094 1067 3169 nunquam.
1105 3067 1145 3142 Si

110 3187 224 3262 animi
241 3198 280 3260 et
296 3186 488 3261 hilaritatis
504 3209 626 3274 causa,
649 3185 741 3259 solet
755 3183 914 3260 maxime
935 3183 1145 3282 perplacere

111 3302 178 3376 sibi
187 3300 441 3398 unusquisque
452 3300 497 3374 iis
509 3299 630 3388 rebus,
645 3321 726 3395 quae
735 3296 849 3370 risum
862 3296 1033 3387 excitant,
1045 3295 1145 3370 unde

108 3415 237 3512 possit,
256 3423 367 3513 prout
383 3422 439 3488 est
454 3423 586 3488 natiue
601 3408 757 3500 ridiculi,
785 3410 1056 3508 comparatione
1069 3419 1146 3483 tur-

108 3527 245 3626 pidinis
258 3526 318 3600 vel
334 3524 554 3600 infirmitatis
564 3524 703 3613 abenae,
717 3524 793 3620 ipse
804 3523 949 3598 sibimet
961 3546 1144 3599 commen-

109 3641 232 3717 datior
257 3638 422 3713 evadere.
472 3637 625 3712 Etiamsi
642 3648 763 3711 autem
780 3637 850 3711 hoo
869 3637 1066 3712 innocuum
1078 3635 1145 3708 oli·

108 3753 257 3853 quando
275 3763 313 3826 et
332 3751 410 3826 sine
426 3751 565 3826 offensa
581 3750 649 3835 sit;
674 3749 907 3824 manifestum
928 3761 1051 3822 tamen
1075 3758 1142 3836 est,

107 3865 285 3942 delectari
303 3888 365 3939 eos
381 3888 455 3938 non
471 3863 572 3961 prius
594 3863 767 3938 societate
791 3886 900 3960 quam
921 3860 1039 3958 gloria
1064 3883 1140 3934 sua.

108 3979 295 4056 Caetcrum
325 3979 540 4076 plerumque
575 3977 614 4052 in
646 3975 855 4074 hujusmodi
888 3973 1142 4070 congressibus

106 4094 293 4168 laeduntur
314 4092 493 4182 absentes,
518 4115 644 4166 eorum
670 4101 750 4166 tota
774 4089 861 4180 vita,
892 4087 1001 4178 diota,
1029 4086 1140 4176 facta,

107 4204 605 4308 examinantur‚judicantur,
616 4204 919 4296 condemnantur,
931 4211 968 4276 et
978 4199 1140 4276 dicteriis
