2896 4914
281 274 329 352 78
679 293 735 346 nr
753 295 936 346 nonina.

92 491 188 542 sacr,
201 493 240 544 11,
331 461 388 534 Sit
404 461 457 552 fin
481 463 600 558 figura
615 463 749 559 prima)
773 465 899 538 oculus
917 465 992 536 AB
1007 464 1050 554 C,
1069 473 1236 537 centrum
1262 487 1322 537 re-

94 570 236 673 ss
279 574 367 647 tinae
385 575 430 664 D,
449 576 527 648 axis
545 576 688 672 opticus
707 577 742 649 N
755 577 795 649 Ο.
849 579 966 673 Super
982 578 1130 674 pupillae
1148 577 1322 652 extremi-

82 697 373 785 perleoqs'uetates
392 688 437 777 A,
457 688 487 760 B
510 688 692 762 ducantur
717 690 811 762 radii
838 691 960 786 quoad
984 715 1130 764 sensum
1155 691 1322 788 paralleli

81 775 267 896 ffiggffffl
279 799 296 871 I
310 800 356 888 A,
376 800 410 872 K
426 801 468 889 B,
487 801 550 896 qui
563 801 813 896 refringantur
826 802 874 875 ad
890 803 1047 875 retinam
1065 804 1103 875 in
1119 816 1259 899 puncto
1277 803 1320 876 C.

277 912 472 985 Videbitur
490 937 577 1009 ergo
599 926 779 1010 punctum
795 915 937 1001 visibile
961 916 998 987 in
1022 927 1159 1011 puncto
1178 917 1226 1004 N,
1247 941 1322 1013 quo

278 1024 469 1121 productae
486 1026 563 1115 AI,
585 1026 613 1096 B
630 1029 664 1099 K
679 1028 829 1114 coirent,
843 1052 919 1100 non
936 1029 1053 1100 solum
1069 1029 1207 1102 virtute
1225 1031 1323 1103 radii

278 1137 460 1210 irrefracti
484 1139 576 1229 ΝΟ,
604 1140 668 1212 sed
693 1141 807 1213 etiam
832 1141 937 1236 (Cap,
958 1164 1004 1214 11.
1024 1152 1093 1214 art,
1117 1145 1155 1238 2)
1181 1145 1322 1216 virtute

278 1250 461 1323 radiorum
481 1251 723 1325 refractorum
740 1253 774 1324 A
786 1253 815 1324 C
818 1309 829 1342 ,
849 1253 879 1325 B
892 1253 933 1342 C,
952 1254 991 1326 in
1004 1254 1084 1349 ipso
1102 1279 1168 1327 axe
1182 1257 1321 1352 optico.

279 1364 372 1436 Cum
389 1365 513 1460 itaque
526 1366 618 1438 alius
630 1365 754 1439 radius
768 1367 929 1439 exterior
946 1367 985 1439 in
1002 1369 1148 1440 oculum
1162 1392 1238 1441 non
1256 1370 1322 1443 ad-

277 1479 457 1568 mittatur,
476 1479 577 1552 uulla
602 1480 672 1552 erit
698 1479 862 1552 confusio
889 1479 958 1552 nisi
981 1505 1064 1576 quae
1086 1481 1204 1553 oritur
1221 1507 1245 1553 a
1262 1506 1320 1554 ra-

277 1591 359 1680 diis,
374 1592 438 1688 qui
451 1592 623 1665 cadentes
637 1593 734 1665 inter
747 1593 781 1664 A
794 1604 832 1665 et
846 1593 876 1665 B
895 1606 1022 1667 secant
1035 1618 1141 1667 axem
1155 1595 1322 1690 opticum

275 1707 464 1802 paululum
481 1708 574 1781 citra
598 1708 638 1798 C,
660 1708 900 1803 inciduntque
922 1709 962 1780 in
983 1709 1138 1782 retinam
1157 1733 1202 1781 ex
1219 1721 1322 1781 utra-

277 1843 348 1914 que
364 1830 469 1916 parte
486 1821 616 1916 puncti
634 1821 678 1909 C,
696 1832 734 1893 et
751 1820 906 1916 proinde
928 1821 1030 1917 (Cap.
1051 1844 1095 1894 11.
1116 1833 1183 1894 art.
1205 1832 1240 1913 3,
1260 1847 1323 1896 co-

276 1933 358 2005 roll.
377 1932 422 2027 ι.)
439 1933 587 2007 confuse
605 1934 753 2030 quidem
766 1934 961 2018 videbitur,
976 1934 1076 2030 quod
1094 1935 1223 2008 evitari
1245 1959 1322 2008 non

276 2057 412 2140 potest,
426 2045 490 2118 sed
504 2047 624 2119 minus
638 2071 748 2142 quam
761 2047 793 2120 si
805 2048 867 2120 alii
881 2049 993 2121 etiam
1005 2048 1098 2121 radii
1112 2061 1217 2121 extre
1230 2048 1278 2137 A,
1291 2049 1321 2121 B

277 2157 326 2229 ed
351 2158 508 2231 retinam
533 2160 778 2255 pervenirent.
835 2160 928 2233 Nam
955 2172 998 2233 ut
1014 2171 1193 2257 punctum
1214 2160 1321 2233 valde

276 2293 432 2366 parvum
451 2271 619 2362 discerni,
638 2273 760 2363 idest,
780 2273 953 2347 distincte
970 2273 1087 2347 videri
1103 2273 1232 2369 possit,
1252 2273 1321 2345 im-

275 2383 447 2478 possibile
474 2395 540 2473 est,
566 2385 636 2457 nisi
657 2408 783 2459 omnes
810 2386 904 2458 radii
931 2387 978 2459 ab
1003 2411 1078 2459 uno
1105 2395 1245 2481 puncto
1271 2385 1319 2458 ad

276 2519 390 2568 unum
416 2521 561 2594 quoque
585 2509 763 2594 punctum
789 2499 942 2595 refringi
967 2510 1128 2595 possent,
1154 2498 1193 2570 id
1218 2498 1319 2594 quod

275 2609 504 2706 nullafigura
514 2634 743 2707 earum‚quas
753 2611 931 2684 hactenus
940 2623 1138 2707 geometrae
1150 2611 1318 2684 couside-

275 2724 760 2819 raverunt,efficerep0test.
790 2724 828 2795 Si
838 2725 915 2819 jam
929 2724 946 2796 Ι
959 2725 1005 2814 Α,
1018 2725 1052 2797 Κ
1065 2724 1094 2795 Β
1107 2723 1318 2797 sensibilem

275 2836 433 2910 efficiant
445 2837 633 2932 angulum,
648 2845 756 2908 erunt
773 2836 826 2908 illi
839 2836 892 2909 ita
905 2836 1054 2909 refracti
1070 2847 1113 2908 ut
1126 2836 1262 2909 cadant
1278 2838 1317 2910 in

274 2950 443 3037 retinam,
462 2949 525 3021 alii
541 2972 586 3021 ex
598 2973 684 3044 una,
698 2949 759 3021 alii
772 2949 901 3021 exalia
917 2961 1023 3044 parte
1040 2949 1168 3045 puncti
1186 2949 1216 3021 C
1234 2972 1317 3023 sen-

276 3062 442 3135 sibiliter.
478 3061 608 3157 Itaque
625 3085 691 3159 per
706 3062 787 3134 illos
804 3061 926 3134 radios
943 3061 1126 3136 videbitur
1138 3062 1180 3135 ·N
1198 3064 1315 3160 magis

276 3174 438 3247 confuse.
461 3174 583 3269 Atque
593 3175 673 3247 haec
685 3177 739 3248 ita
752 3199 791 3248 se
803 3175 941 3248 habent
953 3175 993 3248 in
1005 3176 1145 3249 visione
1159 3175 1315 3262 directa;

275 3286 338 3357 ubi
351 3286 600 3382 uuusquisque
611 3298 735 3383 partes
749 3288 885 3383 objecti
899 3288 986 3361 satis
1000 3312 1152 3384 magnas
1163 3288 1202 3361 in
1215 3290 1316 3363 omni

275 3399 353 3472 fere
371 3399 545 3473 distantia
562 3401 650 3473 setis
674 3401 845 3474 distincte
868 3401 969 3474 videt
992 3413 1126 3497 praeter
1149 3426 1314 3498 myopeS,

276 3513 408 3610 quibus
436 3512 530 3585 radii
559 3512 684 3586 visorii
715 3539 800 3587 cum
828 3538 908 3602 axe,
931 3524 1082 3610 propter
1106 3516 1315 3610 angustiam

275 3627 435 3724 pupillae,
453 3626 547 3698 citra
563 3638 741 3722 punctum
759 3628 800 3717 C,
819 3638 857 3700 et
874 3650 978 3700 senes
1002 3627 1145 3728 quibus,
1162 3638 1314 3725 propter

274 3739 464 3814 laxitatem
480 3739 654 3835 ejusdem,
674 3742 769 3813 ultra
784 3741 904 3836 ipsum
922 3750 1066 3813 coeunt.
1112 3740 1183 3812 His
1200 3741 1315 3836 igitur

274 3855 368 3928 radii
386 3853 539 3927 extremi
556 3855 743 3928 resecandi
760 3855 819 3926 vel
837 3853 1006 3949 cogendi,
1024 3852 1095 3926 illis
1114 3852 1314 3927 distinendi

275 3979 360 4040 sunt
378 3968 408 4042 si
424 3968 548 4040 videre
566 3967 736 4041 distincte
752 3967 892 4056 volunt,
910 3991 1057 4040 necesse
1075 3976 1140 4039 est.

324 4091 359 4154 2.
387 4081 431 4153 In
444 4080 653 4176 telescopio,
668 4092 710 4153 ut
727 4081 809 4178 quis
823 4081 996 4154 distincte
1012 4080 1147 4170 videat,
1167 4091 1314 4176 oportet

272 4204 314 4267 ut
334 4194 445 4267 iidem
469 4193 542 4266 sint
566 4193 660 4266 radii
686 4194 840 4268 extremi
858 4194 921 4290 qui
936 4193 1086 4267 fuerunt
1115 4193 1311 4267 invisione
