2896 4914
222 335 276 390 on
296 335 713 390 aneaasnucamoun
732 336 919 408 osanam,
938 338 1025 393 arc.
1099 321 1147 402 37

105 507 216 580 culus.
255 507 321 581 Sin
338 506 524 604 triangula
541 501 671 593 ABG,
688 506 763 580 BD
777 506 807 580 G
821 531 896 582 non
913 507 987 582 sint
1003 507 1148 598 similia,
1181 539 1279 598 sacr.
1293 541 1333 596 ῃ.

104 624 173 696 erit
190 624 273 718 (per
286 621 451 719 ejusdem
465 619 652 719 Mydorgii
664 620 887 696 Conicorum
904 623 984 696 Lib.
1000 644 1028 696 1.
1039 647 1146 720 prop.
1189 619 1333 730 ῥυ

104 737 142 826 6)
173 736 290 808 sectio
308 734 372 808 illa
388 734 537 831 ellipsis.
577 734 708 833 ltaque
725 735 757 810 si
773 736 893 834 figura
909 737 1057 835 objecti,
1075 747 1145 811 etc.

104 849 214 923 Guod
232 859 314 922 erat
329 848 573 947 probandum.

150 963 340 1037 Facillime
370 961 587 1060 intelligitur
612 985 633 1036 e
655 971 795 1051 contra,
813 961 914 1060 quod
943 963 1080 1062 ellipsis
1107 964 1146 1038 in

100 1077 308 1166 horizonte,
331 1099 399 1174 per
422 1086 583 1150 erectam
608 1074 773 1150 tabulam
801 1075 1022 1174 diaphanam
1044 1101 1146 1176 spec·

103 1203 193 1283 tata,
211 1192 253 1265 in
270 1215 346 1266 una
363 1190 442 1264 sola
458 1190 556 1264 oculi
571 1189 755 1288 positione
767 1190 916 1266 videtur
927 1193 1095 1267 circulus.

150 1314 209 1379 10.
240 1305 280 1377 Si
310 1305 429 1400 figura
453 1303 614 1400 objecti'
605 1326 644 1377 1n
669 1303 863 1378 horizonte
892 1305 1015 1402 positi,
1040 1329 1144 1404 speo-
1127 1325 1343 1389 -rmsouqua

99 1419 212 1492 tanda
229 1441 297 1515 per
313 1417 477 1492 tabulam
494 1415 727 1513 diapbanam,
746 1415 796 1490 sit
821 1419 1006 1514 parabola,
1023 1393 1186 1518 posita&
1157 1395 1328 1504 ...1:me⁶
1289 1462 1335 1504 a,

98 1544 221 1608 autem
239 1531 368 1606 tabule
392 1530 440 1604 sit
470 1553 580 1626 super
602 1531 660 1604 vel
687 1531 781 1605 citra
804 1531 930 1606 basem
959 1533 1182 1608 horizonti⁰.e
1156 1523 1346 1647 ω111Ρξζω
1261 1527 1337 1570 1111111

98 1659 230 1738 erecta,
251 1646 323 1720 erit
339 1653 416 1720 sect
417 1643 464 1736 io,
400 1643 523 1718 tid
546 1644 759 1742 estfigura
748 1668 788 1717 rn
806 1644 933 1719 tabula
950 1669 1142 1744 uppetona,
1154 1619 1350 1716 «ΝΜ

96 1759 466 1858 hyperbole*

144 1875 202 1948 Sit
223 1873 280 1967 (in
296 1873 359 1968 fig.
374 1870 414 1966 6)
429 1869 606 1969 parabola
621 1870 656 1944 A
670 1870 700 1944 B
715 1871 745 1944 C
769 1869 980 1969 descripta
970 1898 1009 1948 m
1031 1875 1142 1972 plano

96 1987 311 2077 horizontis,
330 1988 434 2083 qu‘us
458 1996 588 2060 vertex
614 1983 662 2059 sit
683 1985 730 2072 A,
746 1985 844 2060 haas
862 1987 959 2074 BC;
984 1990 1141 2086 positus-

96 2127 164 2198 que
182 2102 232 2176 sit
243 2100 372 2174 oculus
389 2100 428 2173 in
445 2101 488 2173 E.
532 2099 650 2195 Super
668 2097 1140 2198 BGintelliguturplanum

96 2217 321 2313 diaphanum
351 2214 427 2289 sive
459 2213 586 2288 tabula
618 2213 970 2310 perpendiculariter
1005 2231 1138 2310 erecta,

97 2355 205 2428 qnam
219 2340 323 2402 secet
333 2327 484 2425 planum
497 2352 564 2424 per
577 2329 606 2400 F
618 2329 653 2401 D
668 2337 831 2402 erectum
844 2331 1046 2406 secundum
1061 2356 1140 2406 rec-

94 2455 168 2518 tam
196 2443 336 2517 lineam
357 2442 500 2526 ADF;
527 2452 564 2515 et
596 2442 645 2516 sit
672 2443 877 2516 communis
904 2445 1017 2519 sectio
1040 2446 1074 2519 D
1092 2448 1141 2538 H,

95 2557 190 2630 unde
208 2556 440 2651 intelligetur
465 2565 568 2629 reeta
580 2554 613 2629 G
627 2555 664 2628 H
687 2577 766 2628 esse
790 2565 908 2630 totam
925 2557 964 2632 iu
982 2559 1140 2645 sublimi,

95 2681 130 2744 et
158 2681 275 2744 reetae
292 2669 371 2742 ΑΙ)
385 2669 426 2758 F,
451 2692 533 2765 quae
550 2679 605 2742 est
630 2667 669 2741 in
694 2668 805 2764 plano
822 2670 1036 2760 horizontis
1055 2697 1139 2769 per·-

94 2783 382 2881 pendiculuriter
411 2783 677 2856 imminentem.
739 2782 934 2882 Ductaque
960 2786 1048 2876 ΑΕ,
1079 2811 1140 2861 su-

94 2910 214 2973 matur
248 2897 321 2994 ipsi
349 2896 501 2993 aequalis
528 2896 616 2986 EG,
643 2905 681 2970 et
711 2893 824 2970 ducta
850 2897 928 2972 AG
955 2899 1140 2976 dividatur

93 3012 261 3086 bifariam
279 3010 318 3084 in
336 3011 367 3084 1.
417 3011 512 3083 Tum
525 3019 654 3082 centro
666 3009 695 3100 I,
707 3009 899 3085 intervallo
917 3012 994 3103 IA,
1005 3012 1140 3088 descri-

92 3126 201 3200 batur
220 3124 379 3200 circulus
396 3124 477 3198 ΑΚ
492 3123 536 3211 G,
554 3124 659 3220 cujus
681 3135 860 3220 punctum
876 3126 911 3200 A
928 3127 999 3200 erit
1016 3127 1054 3202 in
1071 3129 1138 3203 ho-

92 3241 248 3329 rizonte,
267 3237 332 3312 sed
357 3247 537 3334 punctum
564 3237 598 3310 G
624 3248 662 3310 et
694 3248 828 3312 catera
850 3252 987 3336 puncta
1016 3245 1140 3318 omnia

92 3365 199 3429 erunt
225 3353 266 3426 in
292 3353 449 3426 sublimi.
503 3352 574 3426 His
590 3352 824 3444 constructis,
842 3355 915 3429 erit
937 3356 967 3430 A
982 3356 1056 3431 EG
1072 3359 1139 3432 tri-

91 3469 268 3565 angulum
299 3467 408 3564 plano
436 3465 638 3540 horizontis
666 3475 842 3558 erectum,
877 3480 915 3542 et
944 3469 1037 3560 ΑΕ,
1058 3472 1136 3546 EG

92 3607 199 3656 crura
226 3584 333 3679 ejus;
359 3582 479 3678 ipsum
510 3592 635 3655 autem
665 3581 890 3678 triangulum
917 3583 1055 3658 dividet
1072 3609 1139 3683 per

90 3721 203 3770 axem
229 3719 366 3770 conum
389 3695 578 3783 visualem,
601 3694 707 3790 cujus
732 3704 859 3768 vertex
876 3706 932 3770 est
948 3697 980 3770 E
997 3699 1036 3772 in
1053 3701 1137 3772 sub-

90 3811 177 3902 limi,
203 3833 338 3907 nempe
363 3810 403 3884 in
429 3809 549 3899 oculo,
566 3807 664 3882 basis
687 3817 811 3882 autem
829 3809 987 3884 circulus
1001 3811 1036 3884 A
1047 3813 1081 3884 K
1093 3812 1136 3902 G,

90 3927 242 4022 axisque
270 3923 456 4020 parabolae
474 3922 553 3997 AD
571 3922 762 4020 apparebit
778 3922 818 3996 in
834 3924 944 4020 plano
961 3925 1137 4022 trianguli

91 4040 164 4112 ΑΕ
179 4041 212 4114 G
228 4038 425 4136 parallelus
435 4037 542 4112 lateri
559 4037 642 4110 FG.
686 4037 864 4112 Parabola
881 4038 1039 4136 denique
1057 4051 1137 4116 tota

91 4152 282 4250 apparebit
310 4152 349 4225 in
376 4152 473 4226 illins
503 4150 587 4226 coni
615 4149 818 4247 superficie.
869 4151 952 4225 Jam
985 4152 1135 4248 planum

90 4267 117 4339 F
128 4267 164 4340 H
181 4276 285 4344 secat
301 4266 336 4339 A
348 4267 378 4340 E
402 4266 559 4341 alterum
585 4264 680 4340 latus
698 4263 873 4362 trianguli
889 4289 957 4363 per
974 4291 1079 4359 axem
1096 4269 1135 4356 ip
