2876 4908
225 307 281 361 nn
302 308 444 364 nunno
464 310 537 364 nm
558 311 638 364 nnn
656 309 824 366 nuceum
844 311 1008 366 uovuu.
1065 297 1132 364 401

94 488 218 554 tueret
250 503 318 579 per
351 479 518 556 civitatee
546 479 809 580 presbyteros.
865 481 915 556 Et
946 479 1138 554 Timotheo
1167 511 1264 562 suen,
1279 511 1330 562 nr.

95 591 236 666 dictum
275 603 333 668 est
374 593 409 690 (l
453 593 547 668 Tim.
582 593 630 670 iv,
667 596 759 689 14):
804 591 897 669 Noli
938 592 1140 693 negligere
1177 587 1319 693 ,Ἑρ

92 705 266 803 gretiam
294 705 383 797 Dei,
407 731 489 806 que
519 707 557 780 in
587 716 625 781 te
655 717 725 798 eet,
755 731 838 806 qnae
867 707 961 782 doto
986 715 1044 780 eet
1069 703 1140 779 n'tt

91 841 166 916 per
183 819 443 919 prophetiam,
470 845 550 895 cnm
579 819 814 920 impositione
839 845 1006 894 monnnm
1023 841 1139 919 pree·

96 931 262 1029 hyterii.-
289 933 479 1030 eidemque
512 932 607 1007 datae
635 933 773 1030 regulae
799 943 886 1007 sunt
906 932 1005 1007 circe
1024 956 1138 1032 preo-

95 1042 311 1141 dpterornm
341 1047 570 1121 electionem.
627 1046 713 1120 Nou
751 1059 875 1122 eutem
911 1045 1067 1144 intelligi
1099 1045 1138 1119 id

93 1167 228 1254 potest,
246 1159 318 1234 nisi
344 1159 390 1233 de
415 1159 646 1235 ordinatione
673 1183 812 1251 eorum,
832 1159 895 1257 qui
921 1160 968 1234 ab
986 1157 1140 1233 ecclesia

94 1271 330 1370 eligerentur.
360 1273 595 1349 Constituere
607 1273 704 1347 enim
719 1273 906 1348 doctorem
919 1272 958 1346 in
973 1272 1138 1362 ecclesio,

94 1385 165 1458 nisi
182 1385 338 1460 ecclesia
353 1387 602 1484 permittente,
620 1409 729 1460 nemo
746 1387 880 1484 potuit.
933 1385 1029 1458 Num
1044 1385 1139 1482 ipso-

93 1521 175 1572 rum
205 1499 461 1597 apostotorum
486 1523 620 1574 munus
646 1509 736 1590 erut,
763 1523 839 1573 nou
864 1498 1056 1596 imperare,
1074 1498 1139 1572 sed

94 1609 252 1684 docere:
280 1623 318 1684 et
344 1635 564 1708 quamquam
591 1611 655 1708 qui
681 1609 929 1685 commendati
954 1611 1000 1684 ab
1027 1635 1138 1710 opoe-

94 1723 183 1798 totie
215 1725 273 1800 vel
297 1727 540 1826 presbyterio
574 1725 733 1817 fuerant,
768 1738 920 1825 propter
953 1727 1139 1802 existiman

92 1837 234 1912 tionem
277 1839 613 1916 commendantium
655 1863 730 1914 nou
769 1841 1021 1937 rejicerentur,
1055 1862 1140 1914 oum

92 1961 219 2026 tamen
244 1953 323 2028 sine
350 1953 541 2028 uoluntate
568 1953 740 2028 ecclesie
767 1953 853 2050 eligi
878 1977 953 2027 non
978 1963 1139 2050 possent,

93 2065 207 2139 etiam
219 2089 287 2163 per
300 2069 564 2142 anctoritatem
577 2066 748 2141 encletice
762 2067 870 2141 electi
884 2067 1139 2142 censebantur.

94 2178 274 2253 Similiter
290 2180 460 2271 ministri,
478 2181 542 2278 qui
557 2179 709 2255 diaconi
720 2189 911 2270 vocantur,
925 2181 971 2254 ab
989 2188 1141 2280 oporto·

92 2291 142 2366 lie
156 2293 340 2384 ordinati,
358 2294 404 2368 ab
422 2293 585 2368 eoeleein
602 2303 726 2368 tumen
744 2293 859 2369 electi
875 2304 991 2368 erunt.
1042 2293 1141 2367 Nem

91 2431 180 2480 cum
206 2417 346 2504 septem
373 2407 524 2481 diaconi
549 2406 709 2505 eligendi
736 2407 1002 2504 ordinandique
1021 2417 1139 2496 crant,

90 2543 168 2594 non
187 2543 252 2594 eos
269 2521 454 2618 eligebant
479 2519 657 2619 opoetoli,
675 2519 739 2594 scd
763 2521 863 2614 (Act.
878 2520 926 2594 vi.
946 2525 1000 2616 3),
1019 2519 1139 2593 eonci-

92 2631 243 2723 dernte,
261 2633 443 2731 inquiunt,
447 2633 621 2732 fratrer,
632 2632 734 2706 oiroe
748 2656 795 2705 en
811 2631 915 2706 nobie
930 2631 1015 2706 doni
1033 2631 1139 2704 tecti-

90 2745 207 2820 mcnii
233 2756 386 2845 neptem,
417 2758 497 2820 etc:
525 2755 635 2842 atquc
665 2744 718 2818 illi
750 2747 860 2840 (vere.
878 2749 915 2840 5)
948 2743 1139 2843 eligernnt

91 2859 337 2958 Stephanum,
358 2869 429 2934 etc.
455 2868 493 2933 et
526 2859 634 2954 (vers.
657 2862 696 2953 6)
723 2865 938 2931 etotnernnt
963 2880 1027 2930 eoe
1051 2865 1140 2930 onte

91 2980 330 3071 compertum
348 2971 613 3072 apostolorum.
666 2971 820 3044 Constet
845 2969 970 3066 itaque
988 2993 1033 3042 ex
1052 2993 1139 3042 con-

91 3083 289 3161 suetudine
314 3084 484 3160 eccieeice
508 3084 575 3156 sub
592 3081 791 3182 oportolie,
810 3081 1141 3156 ecclesiasticorum

91 3198 258 3272 omnium
269 3197 542 3272 ordinationem
553 3197 712 3293 quidem,
724 3195 799 3269 eive
811 3195 1140 3285 commorationem,

93 3335 177 3408 quae
194 3311 239 3386 fit
254 3334 321 3409 per
338 3311 544 3385 orationem
557 3321 595 3384 et
608 3333 775 3383 monnnm
794 3308 1079 3407 imponitionem,
1093 3307 1142 3382 cd

92 3421 291 3520 apostolor
308 3433 346 3498 et
364 3423 539 3499 doctores
563 3431 758 3522 epectoeee
769 3450 783 3508 ,·
814 3421 1030 3496 electionem
1052 3445 1141 3495 vero

93 3535 396 3628 ordinandorum,
414 3537 463 3612 cd
480 3537 689 3611 eccleciam.

143 3659 206 3725 25.
233 3650 289 3724 De
302 3661 487 3749 potestate
499 3650 668 3725 soluendi
681 3659 718 3724 et
733 3649 897 3748 ligendi,
911 3648 949 3723 id
967 3660 1035 3738 est,
1047 3669 1140 3746 pec·
1153 3663 1284 3711 rut-num
1294 3679 1342 3725 ree

93 3773 185 3836 eota
220 3762 437 3837 remittendi
467 3773 505 3838 et
538 3762 740 3853 retinendi,
770 3762 920 3837 dubium
954 3783 1031 3834 esse
1065 3783 1140 3836 non
1152 3735 1203 3840 dud
1211 3731 1344 3850 diffini

93 3885 228 3971 potest,
247 3875 334 3971 quin
353 3901 397 3950 ea
414 3875 501 3952 data
518 3876 565 3951 sit
582 3901 605 3950 u
630 3875 777 3952 Christo
793 3873 926 3949 futuris
943 3884 1033 3947 tunc
1047 3896 1140 3971 poe·
1152 3873 1197 3968 ,ἵζ’
1213 3925 1328 3980 ,Μ’

94 3986 254 4078 tonilum,
273 3987 403 4064 eodem
429 3988 539 4064 modo
570 4014 643 4087 quo
670 3988 912 4086 praeeentibus
940 3983 1139 4085 apostolic.
1152 3991 1345 4049 ‘rme‘

1152 4055 1327 4100 iomreeddo

94 4101 193 4178 Data
205 4111 328 4176 autem
340 4114 396 4180 est
409 4102 596 4202 aponum
611 4103 728 4178 omnio
744 4112 907 4200 potestus
924 4099 1140 4177 remittendi
1151 4119 1328 4230 ffignffitp

87 4222 268 4310 peceato,
286 4239 397 4312 quum
416 4215 492 4312 ipse
517 4215 646 4290 habuit
669 4215 846 4290 Christus.
899 4213 1007 4292 Sient
1037 4214 1249 4294 mititem.

197 4349 290 4403 von.
311 4351 356 4403 11.
971 4349 996 4400 1)
1013 4349 1038 4400 1)
