2912 4912
445 330 656 382 nunnamo
676 331 731 382 an
751 329 973 383 uucsouus.
1208 317 1278 382 149

136 541 180 602 et
197 529 333 624 quibus
350 531 398 604 ad
416 531 670 608 stabiliendam
681 557 812 631 pacem
823 532 1029 608 necessario
1044 532 1280 608 concedenda

141 686 238 766 sunt,
257 676 297 749 id
320 691 392 806 pst,
410 703 492 776 quas
517 679 591 753 sint
615 679 768 752 rationis
794 656 992 752 dictamina
1008 699 1052 748 ea
1074 699 1156 772 quae
1179 675 1279 773 leges

139 829 326 902 naturales
343 830 518 928 appellari
539 831 686 928 proprie
702 841 867 927 possunt,
881 827 1024 925 explico
1039 839 1078 900 et
1090 827 1279 905 confirmo.

139 979 350 1074 Atquehaec
361 979 545 1052 suntinea
553 978 747 1077 parielibri
757 1001 840 1076 quae
850 975 1060 1052 inscribitur
1068 993 1278 1050 erasurus.

190 1127 262 1200 His
281 1125 502 1215 constitutis,
519 1127 673 1202 ostendo
692 1127 782 1224 quid
797 1139 835 1200 et
848 1125 1050 1223 quotuplex
1070 1125 1130 1214 sit,
1151 1135 1278 1222 et-quo

138 1276 249 1350 modo
259 1277 327 1350 fiat
337 1276 735 1374 civitas,summumque
746 1277 904 1352 civitatis
914 1275 1278 1372 imperiumquaeque

139 1447 161 1494 a
178 1422 333 1519 singulis
345 1421 553 1496 hominibus
566 1421 754 1496 civitatem
764 1423 1018 1496 constituturis
1032 1423 1118 1518 jura
1130 1421 1168 1494 in
1181 1445 1279 1494 sum-

139 1597 241 1644 mum
255 1572 508 1668 imperantem,
523 1573 599 1647 sive
612 1575 643 1646 is
653 1595 750 1647 unus
761 1571 871 1646 homo
888 1571 946 1662 sit,
966 1571 1041 1645 sive
1055 1595 1148 1646 unus
1159 1570 1279 1645 homi-

138 1748 229 1798 num
247 1735 378 1814 coetus,
395 1722 450 1797 ita
465 1724 670 1798 necessario
688 1721 942 1797 transferenda
954 1723 1039 1813 sint,
1057 1731 1100 1796 ut
1116 1721 1188 1796 nisi
1201 1723 1279 1806 sint

138 1875 321 1948 translata
333 1873 461 1948 civitas
472 1873 573 1948 nulla
583 1873 658 1964 fiat,
673 1884 710 1946 et
719 1875 780 1970 jus
791 1873 956 1946 omnium
967 1873 1150 1962 inomnia,
1161 1871 1277 1961 idest,

134 2027 195 2120 jus
207 2024 297 2098 belli
308 2034 467 2097 maneat.
501 2022 643 2097 Deinde
658 2023 849 2097 civitatum
862 2022 1023 2098 diversas
1036 2023 1186 2122 species,
1200 2048 1277 2099 mo-

138 2175 341 2263 narchiam,
359 2173 637 2263 aristocratiam,
652 2173 926 2264 democratiam,
940 2173 1142 2248 dominium
1154 2185 1278 2271 puter-

138 2349 239 2414 num‚
258 2332 298 2396 et
307 2323 546 2420 despoticum,
564 2321 773 2420 distinguam
800 2322 983 2418 quomodo
1004 2322 1277 2398 constituantur

140 2474 269 2563 doceo,
287 2482 325 2546 et
342 2471 534 2545 commoda
556 2471 859 2568 incommodaque
876 2473 1102 2569 singulorum
1119 2473 1217 2548 inter
1239 2497 1277 2548 se

140 2645 326 2720 comparo.
350 2623 542 2710 Praeterea,
557 2645 639 2718 quae
654 2645 712 2694 res
725 2620 912 2696 civitatem
926 2620 1129 2711 destruant,
1143 2633 1181 2696 et
1194 2647 1277 2720 quae

139 2773 214 2846 sint
240 2795 423 2844 summum
443 2771 636 2869 imperium
658 2771 945 2846 administrantis
966 2771 1096 2862 officia,
1121 2797 1275 2870 expono.

141 2923 342 3013 Postremo,
353 2922 444 3019 legis
454 2933 492 2995 et
503 2922 645 3019 peccati
655 2933 804 2996 naturas
815 2921 969 3019 explico,
980 2933 1017 2995 ct
1028 2923 1276 3019 legemacon-

139 3073 233 3164 silio,
257 3098 281 3146 a
304 3083 424 3170 pacto,
439 3097 462 3146 a
480 3075 563 3170 jure
584 3073 781 3171 distinguo.
826 3074 920 3149 Quae
942 3075 1145 3150 omniasub
1169 3077 1276 3152 titulo

140 3229 309 3282 munau
328 3207 575 3281 continentur.

188 3356 235 3428 ln
250 3367 357 3452 parte
375 3353 518 3444 ultima,
532 3355 592 3428 cui
608 3355 820 3431 inscribitur
843 3379 1029 3450 suuroro,
1040 3383 1088 3434 ne
1101 3361 1162 3457 jus
1172 3360 1274 3451 illud,

138 3501 241 3598 quod
258 3502 298 3574 in
314 3489 607 3599 praeoedentibus
630 3527 790 3578 summos
807 3506 1027 3603 imperantes
1040 3507 1079 3581 in
1096 3509 1192 3582 cives
1208 3509 1274 3582 hu-

138 3651 228 3726 bere
247 3651 451 3726 rationibus
474 3651 785 3742 confirmaveram,
804 3652 1002 3750 Scripturis
1016 3653 1128 3728 sacris
1140 3677 1272 3751 repug-

138 3823 229 3872 nare
244 3797 453 3884 videretur;
471 3798 625 3873 ostendo
642 3800 761 3896 primo
777 3801 859 3876 loco
875 3825 951 3874 non
961 3823 1165 3896 repugnare
1182 3799 1273 3874 illud

134 3945 211 4042 juri
238 3943 375 4036 divino,
404 3955 583 4043 quatenus
606 3947 871 4045 imperantibus
902 3948 1058 4044 imperat
1083 3947 1181 4024 Deus
1205 3971 1273 4044 per

138 4104 323 4184 naturam,
342 4093 382 4167 id
407 4105 473 4186 cst,
490 4118 556 4191 per
581 4095 780 4170 dictamina
806 4095 958 4171 rationis
974 4096 1162 4170 naturalis.
1208 4097 1273 4170 Se-

136 4243 276 4342 cundo,
291 4244 390 4318 idem
406 4268 481 4319 uon
498 4269 702 4342 repugnare
716 4248 792 4342 juri
809 4247 944 4336 divino,
962 4258 1142 4344 quatenus
1158 4247 1273 4342 impe-
