2912 4912
425 326 638 383 rsmrsmo
659 329 713 380 au
733 329 956 382 unorosns.
1195 305 1266 380 ’143

127 535 368 631 losophorum
402 534 707 608 excellentissima
741 536 888 630 ingenia
921 533 1080 606 maxime
1122 542 1267 605 versata

127 698 225 758 suut.
278 685 455 782 Ejusdem
472 684 681 774 utilitatem,
700 684 766 758 sed
782 697 883 758 recte
902 683 1061 800 traditae,
1079 684 1203 770 idest,
1221 707 1267 756 ex

124 835 222 908 veris
239 834 430 931 principiis
448 834 610 910 evidenti
637 857 735 908 nexu
753 833 940 924 derivatae,
959 835 1011 908 sic
1029 834 1169 930 optime
1185 857 1267 930 per-

127 983 336 1079 spiciemus,
368 984 411 1082 si,
446 1009 529 1080 quae
559 984 689 1059 selsam
715 985 793 1080 ejus
819 995 857 1058 et
889 985 1080 1082 loquacem
1109 983 1268 1080 speciem

126 1131 290 1206 humano
306 1133 432 1230 generi
450 1145 736 1232 consequuntur,
750 1133 885 1207 damna
905 1133 1266 1208 consideraverimus.

128 1283 226 1356 Nam
242 1283 283 1355 in
301 1283 345 1356 iis
359 1285 480 1375 rebus,
500 1307 591 1381 quas
609 1285 747 1383 ingenii
764 1283 960 1358 exercendi
978 1307 1088 1358 causa
1104 1283 1268 1380 specula-

127 1457 222 1524 mur,
255 1433 288 1506 si
322 1434 404 1531 quis
438 1457 540 1508 error
565 1436 765 1534 irrepserit,
797 1435 968 1509 innoxius
994 1447 1062 1526 est,
1079 1458 1198 1531 neque
1225 1435 1269 1508 fit

123 1587 275 1681 jactura
291 1584 362 1657 nisi
379 1587 555 1682 temporis
574 1598 732 1660 tantum.
772 1585 817 1659 In
834 1585 878 1658 iis
895 1609 995 1676 vero,
1014 1609 1096 1682 quae
1114 1585 1268 1683 quisque
1309 1611 1313 1624 ·
1370 1587 1373 1598 '

126 1735 276 1809 vivendi
294 1759 404 1809 causa
420 1736 591 1811 meditari
609 1736 730 1828 debet,
748 1761 824 1811 non
846 1736 957 1810 modo
980 1737 1026 1810 ab
1051 1759 1174 1810 errore
1204 1735 1269 1810 sed

125 1885 237 1958 etiam
271 1886 318 1958 ab
348 1886 569 1982 ignorantia,
603 1888 834 1978 offensiones
880 1888 992 1976 rixas,
1029 1885 1148 1960 caedes
1182 1885 1270 1960 oriri

128 2059 282 2110 necesse
301 2049 368 2110 cst.
421 2037 573 2112 Quanta
598 2062 687 2135 ergo
714 2039 793 2112 haec
822 2039 956 2112 damna
976 2023 1199 2128 suntrana
1215 2047 1271 2108 est

127 2185 173 2257 ab
191 2185 398 2258 officiorum
417 2184 585 2261 doctrina
601 2188 695 2290 bene
708 2187 847 2261 tradita
857 2187 1009 2260 utilitas.
1037 2186 1141 2261 Quot
1154 2207 1270 2281 reges,

128 2334 351 2431 eosdemque
368 2335 466 2410 viros
488 2338 616 2428 bonos,
635 2362 738 2411 error
754 2361 861 2430 unus,
880 2353 987 2434 posse
1005 2360 1129 2434 regem
1146 2348 1272 2434 tyran·

128 2508 217 2557 num
232 2507 256 2557 a
269 2484 418 2558 subdito
436 2509 502 2560 suo
516 2488 599 2584 jure
616 2488 748 2576 occidi,
767 2489 886 2564 occidi
903 2488 1017 2562 fecit?
1068 2487 1181 2560 Error
1197 2485 1271 2575 hic,

131 2659 238 2732 posse
264 2637 470 2734 principem
496 2661 679 2713 summum
702 2638 813 2712 certis
840 2639 887 2712 de
905 2638 1023 2712 causis
1040 2662 1062 2711 a
1080 2636 1190 2710 certis
1207 2637 1273 2709 ho-

131 2785 293 2858 minibus
316 2809 432 2881 regno
461 2787 622 2883 spoliari,
647 2799 828 2885 quantum
851 2787 1043 2861 hominum
1062 2783 1273 2882 jugulavit?

132 2934 328 3009 Quantum
343 2934 535 3010 hominum
549 2937 733 3010 interfecit
749 2936 920 3010 doctrina
936 2937 1016 3009 haec
1033 2957 1198 3024 emoneo,
1216 2929 1280 3007 re?

131 3108 196 3180 ges
215 3108 378 3158 summos
392 3086 627 3160 multitudine
644 3088 849 3185 superiores
866 3111 941 3162 non
958 3109 1047 3176 esse,
1066 3084 1132 3158 sed
1149 3083 1276 3158 minis·

131 3246 210 3309 tros
227 3234 335 3332 ejus?
366 3236 533 3332 Denique
550 3237 614 3310 illa
624 3248 715 3335 quot
731 3237 972 3311 rebellionum
985 3237 1188 3328 eausafuit,
1203 3259 1276 3334 qua

134 3383 301 3472 docetur,
308 3382 489 3479 imperata
497 3407 627 3480 regum
640 3397 764 3458 utrum
772 3387 872 3482 justa
884 3409 932 3458 an
943 3385 1080 3482 injuste
1089 3384 1175 3474 sint,
1190 3407 1276 3480 cog-

133 3532 315 3605 nitionem
341 3531 389 3606 ad
411 3534 574 3629 privatos
596 3535 764 3610 homines
786 3535 982 3632 pertinere,
1001 3549 1038 3608 et
1063 3535 1277 3632 priusquam

131 3683 235 3772 fiant,
255 3681 435 3778 disputari
445 3708 522 3758 non
539 3685 650 3758 modo
664 3687 747 3782 jure
759 3709 867 3782 posse
879 3685 944 3760 sed
959 3685 1070 3758 etiam
1084 3683 1275 3780 oportere?

134 3834 330 3920 Praeterea,
345 3831 383 3904 in
395 3833 639 3910 communiter
656 3834 1048 3932 receptephilosophia
1058 3833 1188 3907 morali
1205 3833 1277 3908 elia

134 3992 220 4056 sunt
236 3981 356 4054 multa
372 4005 447 4056 non
464 3982 585 4056 minus
608 3983 666 4058 his
687 3983 905 4081 periculosa,
929 4007 1010 4080 quae
1031 3983 1178 4056 recitari
1201 4008 1277 4057 non

135 4142 191 4204 est
201 4153 306 4227 opus
334 4131 427 4204 Puto
443 4131 524 4204 haec
541 4133 770 4229 prospexisse
782 4146 925 4208 veteres
938 4133 1031 4222 illos,
1044 4134 1107 4231 qui
1122 4135 1277 4230 justitiae

135 4281 331 4356 scientiam
343 4281 475 4357 fabulis
486 4293 706 4372 contectam,
721 4308 831 4381 quam
849 4283 1156 4380 disputationibus
1168 4308 1278 4380 expo-
