2904 4916
299 329 352 380 nn
373 329 516 382 nunno
537 331 609 383 nnr
631 331 711 384 run
731 332 951 386 urrunnu.
1072 317 1144 396 347

98 497 266 572 stitutum
289 497 478 572 civitatem
505 499 551 572 ob
578 499 863 596 uniuscujusque
888 499 1039 573 ratione
1057 499 1146 599 pri·
1175 541 1273 592 sm
1288 539 1341 591 ur.

96 621 188 686 vata
200 611 385 709 petendus
398 621 489 686 eret.
543 612 803 710 Unusquisque
819 623 945 687 autem
961 612 1147 687 rationem
1186 619 1331 724 ,L

90 724 292 823 priuatam
307 725 452 799 rationi
464 725 581 799 totius
595 725 764 800 civitatis
777 725 994 800 submittere
1010 735 1145 822 potest.
1160 758 1275 818 nmmo
1285 759 1334 804 nu

97 838 292 928 Praeterea,
306 838 338 912 si
362 839 497 936 singuli
521 839 709 936 propriam
733 840 916 914 rationem
933 839 973 912 in
991 831 1311 914 uolendowm‘u'm

1159 889 1236 942 solem,
1245 889 1253 932 l

96 949 176 1024 Deo
209 964 463 1048 sequerentur,
489 953 528 1026 in
553 963 659 1026 tenta
688 952 902 1026 diversitate
933 951 1145 1042 colentium,
1158 903 1350 1030 mmm

1158 1023 1241 1076 protem
1251 1033 1298 1064 esne
1308 1019 1358 1063 eim-

95 1063 190 1137 alter
208 1063 360 1138 alterius
385 1065 526 1139 cultum
551 1064 769 1140 indecomm
785 1065 845 1139 vel
862 1065 975 1140 etiam
992 1065 1146 1161 impium
1159 1087 1226 1128 nm
1236 1085 1357 1128 uacuum

1158 1147 1174 1192 h
1188 1149 1268 1192 minem
1278 1149 1313 1192 vel

91 1177 298 1274 judicaret3
325 1201 445 1275 neque
470 1177 563 1253 aiter
582 1178 689 1252 elteri
706 1178 827 1252 Deum
844 1177 1026 1252 honorare
1043 1177 1146 1252 vide-
1158 1162 1310 1270 uiriumque
1320 1213 1357 1258 m

93 1302 209 1364 retur.
263 1291 351 1366 Non
372 1301 467 1366 esset
490 1316 579 1388 ergo
608 1291 743 1382 cultus,
773 1315 820 1366 ne
846 1291 877 1364 is
904 1291 1055 1388 quidem
1083 1291 1146 1388 qui
1158 1279 1329 1401 fflffi,

93 1403 254 1477 maxime
274 1428 360 1477 oum
385 1405 528 1478 ratione
551 1415 796 1501 congrueret3
823 1415 1021 1502 propterea
1046 1405 1342 1501 quodfl¹¹¹¹¹⁵¹²¹¹¹¹¹¹¹¹¹¹u

93 1527 230 1591 natura
247 1517 370 1590 cultus
386 1518 425 1590 in
442 1541 487 1592 eo
504 1517 683 1608 consistit,
700 1529 744 1591 ut
761 1517 810 1590 sit
827 1517 976 1614 signum
993 1517 1145 1590 honoris

94 1630 248 1704 interni.
301 1630 455 1726 Signum
479 1641 604 1704 autem
629 1653 704 1703 non
730 1642 798 1717 est,
815 1629 887 1702 nisi
910 1653 983 1726 quo
1006 1629 1146 1726 aliquid

92 1743 293 1817 innotescit
317 1743 410 1818 eliis.
463 1741 594 1841 Neque
619 1768 708 1841 ergo
734 1745 881 1842 signum
905 1743 1057 1818 honoris
1074 1755 1143 1831 est,

92 1855 164 1930 nisi
183 1855 284 1952 quod
299 1857 381 1930 eliis
398 1858 451 1930 sie
467 1857 626 1932 videtur.
679 1858 833 1946 Rursus,
852 1857 998 1953 signum
1015 1880 1145 1930 verum

94 1981 164 2058 est,
196 1968 295 2065 quod
326 1993 508 2044 consensu
541 1971 733 2044 hominum
762 1971 807 2044 fit
837 1970 994 2066 signum.
1045 1969 1145 2066 Ergo

92 2083 206 2156 etiam
231 2084 475 2157 honorificum
501 2097 569 2175 est,
601 2084 700 2182 quod
727 2107 908 2159 consensu
936 2083 1140 2173 hominum,

92 2196 129 2269 id
146 2209 218 2286 est,
232 2198 336 2293 jussu
354 2196 512 2272 civitatis
534 2199 578 2273 fit
603 2199 749 2294 signum
765 2197 926 2272 honoris.
980 2197 1068 2270 Non
1085 2208 1142 2270 est

93 2334 183 2406 ergo
210 2322 342 2384 eontra
368 2310 597 2386 voluntatem
626 2311 708 2402 Dei,
732 2335 799 2408 per
822 2310 939 2384 solnm
963 2310 1144 2384 rationem

93 2423 328 2513 declaratam,
347 2423 518 2497 exhibere
541 2425 612 2522 ipsi
629 2425 735 2522 signa
750 2424 914 2514 honoris,
933 2447 1014 2519 quae
1030 2423 1145 2520 impe·

93 2535 190 2609 rabit
210 2535 360 2608 ¹civitas.
415 2536 572 2610 Possunt
599 2560 688 2634 ergo
717 2536 814 2610 cives
833 2537 895 2633 jus
921 2535 1144 2622 decernend‚

93 2648 138 2722 de
155 2648 269 2723 modo
287 2648 433 2723 colendi
458 2650 591 2741 Deum,
608 2651 648 2724 in
671 2674 756 2724 eum
773 2649 832 2722 vel
849 2673 912 2723 eos
929 2647 1142 2736 transferre,

92 2763 156 2859 qui
174 2762 333 2836 civitatis
354 2761 494 2837 hebent
517 2764 712 2861 imperium
732 2786 927 2836 summum.
980 2761 1061 2834 Imo
1079 2760 1143 2835 de-

90 2878 204 2960 bent;
231 2875 394 2972 eiioquin
422 2876 520 2950 enim
546 2899 673 2950 omnes
694 2874 864 2950 absurdae
882 2873 1075 2971 opiniones
1096 2871 1143 2946 de

90 3001 228 3063 natura
257 2989 338 3078 Dei,
370 2989 662 3086 ceremoniaeque
691 3013 819 3064 omnes
854 2987 1032 3077 ridieulae,
1060 3011 1143 3084 quae

90 3100 192 3200 apud
208 3101 301 3174 ullas
318 3113 450 3198 gentes
467 3103 653 3194 exstitere,
667 3101 707 3175 in
724 3100 854 3175 eedem
871 3100 979 3174 simul
993 3100 1143 3175 civitate

92 3215 420 3312 conspicerentur3
448 3239 494 3289 ex
511 3238 585 3310 quo
603 3214 836 3312 contingeret
852 3213 1051 3312 unicuique
1064 3237 1143 3288 ore-

90 3328 178 3402 dere
192 3339 347 3402 caeteros
363 3351 491 3401 omnes
509 3327 629 3401 Deum
644 3327 871 3402 contumelia
882 3328 1039 3402 afficere.
1068 3328 1143 3402 Itu-

91 3466 163 3538 que
181 3441 228 3515 de
245 3441 391 3515 nemine
408 3452 509 3515 recte
527 3441 600 3515 dici
621 3453 758 3539 posset,
777 3440 877 3538 quod
901 3442 1022 3516 Deum
1045 3442 1143 3515 eole-

89 3566 169 3629 ret:
192 3579 302 3628 nemo
314 3555 412 3629 enim
426 3555 547 3628 Deum
560 3555 660 3646 coiit,
673 3555 714 3630 id
727 3565 794 3646 est,
805 3555 965 3630 honorat
976 3567 1142 3646 externe,

89 3669 161 3742 nisi
177 3668 210 3742 is
227 3667 292 3764 qui
311 3691 356 3740 ea
371 3667 472 3758 iacit,
491 3668 623 3765 quibus
640 3668 721 3742 aliis
747 3679 923 3765 appareat
944 3669 1140 3742 honorare.

90 3782 273 3856 Concludi
307 3782 432 3878 itaque
457 3793 590 3879 potest,
625 3782 752 3881 legum
784 3780 1028 3872 naturalium,
1064 3791 1141 3854 tum

89 3919 290 3969 sacrarum
324 3918 436 3990 quam
470 3895 710 3984 secularium,
741 3905 921 3992 regnante
956 3893 1035 3967 Deo
1074 3915 1142 3988 per

89 4009 206 4083 solam
245 4017 428 4098 naturum,
464 4007 817 4106 interpretationem
853 4005 1061 4103 dependere
1094 4005 1141 4077 ab

88 4121 314 4196 auctoritate
328 4121 502 4212 civitatis
512 4121 584 4196 hoo
597 4134 664 4212 est,
679 4123 758 4218 ejus
770 4120 930 4195 hominis
943 4120 1001 4194 vel
1014 4119 1138 4208 curioe,

88 4237 149 4310 cui
167 4259 384 4310 conoessum
402 4247 456 4310 est
476 4259 659 4310 summum
683 4234 842 4310 civitatis
859 4235 1076 4331 imperium
1104 4242 1142 4304 et
