2918 4912
293 308 347 360 na
367 307 547 361 naoraus
567 282 745 361 narona
762 305 973 367 annicula.
1090 290 1158 358 189

168 481 224 546 13.
254 472 433 564 Quaestio,
451 485 536 548 uter
553 472 710 548 duorum
726 474 917 547 hominum
934 471 1081 570 dignior
1098 472 1157 562 sit,
1187 505 1286 558 saca,
1299 505 1352 560 nr.

112 612 188 662 non
206 587 255 661 ad
274 598 411 661 statum
432 598 585 677 naarrae,
611 587 677 662 sed
696 587 745 662 ad
761 599 898 662 statim
915 585 1059 662 civilem
1075 609 1159 682 per·
1196 583 1342 688 *L
1444 675 1445 680 Ἰ

113 702 219 774 tinet.
273 701 470 775 Ostensum
489 701 586 775 enim
604 714 712 776 antea
728 712 796 791 θεῖ,
826 701 930 798 (Cap.
951 723 978 774 1.
996 712 1065 774 art.
1093 701 1154 794 ὃς)
1171 724 1313 768 mmm

114 827 252 888 natura
270 839 396 888 omnes
410 815 576 888 homines
589 817 747 912 aequaies
765 815 863 888 inter
875 839 914 888 se
932 837 1033 888 esse:
1059 813 1159 888 ideo·
1171 793 1345 911 mm,
1444 813 1445 874 ἶ

113 951 184 1024 que
203 927 505 1024 inaequalitatem‚
527 952 608 1024 quae
626 952 724 1001 nunc
742 939 809 1018 est,
826 939 918 1025 puta
934 952 957 1002 a
973 927 1161 1016 divititas

112 1041 293 1136 potentia,
306 1065 329 1112 a
345 1040 538 1114 nobilitate
550 1041 706 1137 generis,
724 1040 928 1137 profectam
940 1065 1018 1114 esse
1035 1039 1161 1138 alege

113 1154 231 1228 civili.
286 1153 371 1227 Scio
396 1153 630 1228 Aristotelem
657 1154 752 1227 libro
779 1154 898 1250 primo
925 1153 1161 1252 politicorum

113 1279 294 1363 tanquam
311 1267 593 1340 fundamentum
617 1267 731 1341 totius
748 1267 912 1342 scientiae
928 1268 1090 1364 politicae
1107 1269 1161 1342 af-

112 1382 275 1471 firmare,
297 1381 486 1454 hominum
503 1381 593 1455 alios
611 1407 633 1454 a
649 1393 784 1455 natura
799 1383 917 1456 factos
936 1405 1013 1456 esse
1031 1382 1161 1478 dignos

114 1495 178 1590 qui
194 1494 391 1590 imperent,
410 1494 501 1568 alios
519 1495 583 1590 qui
600 1495 773 1585 serviant,
790 1507 967 1593 tanquam
981 1497 1161 1570 Dominus

114 1620 151 1681 ct
169 1631 298 1680 servus
316 1632 392 1681 non
418 1631 597 1682 consensu
623 1609 825 1698 hominum,
852 1609 918 1684 sed
942 1609 1161 1706 aptitudine,

112 1723 186 1795 hoc
198 1731 266 1811 est,
278 1721 432 1794 scientia
442 1721 500 1794 vel
510 1721 656 1795 inscitia
665 1722 825 1794 naturali
835 1720 1160 1820 distinguerentur.

115 1834 228 1910 Quod
246 1834 528 1908 fundamentum
545 1859 620 1908 non
637 1834 748 1908 modo
766 1845 897 1909 contra
913 1835 1107 1923 rationem,
1120 1845 1162 1909 ut

114 1961 307 2022 ostensum
324 1959 379 2022 est
396 1971 518 2044 supra,
544 1947 608 2020 sed
625 1947 736 2021 etiam
754 1959 884 2022 contra
900 1949 1163 2044 experientiam

114 2073 183 2136 est.
229 2062 328 2136 Nam
341 2086 461 2159 neque
474 2085 569 2158 pene
583 2061 776 2158 quisquam
789 2061 937 2159 ingenio
950 2063 1004 2136 ita
1015 2063 1163 2160 stupido

114 2187 184 2265 est,
195 2188 240 2249 ut
258 2198 333 2248 non
350 2176 487 2249 rectius
505 2175 707 2249 arbitretur
724 2175 871 2250 sibimet
887 2201 938 2268 se,
957 2201 1067 2274 quam
1083 2176 1164 2250 aliis

113 2288 324 2385 regendum
349 2289 505 2364 tradere.
559 2289 689 2387 Neque
706 2290 738 2364 si
755 2291 982 2366 contendant
1003 2291 1100 2366 iuter
1125 2315 1164 2364 se

115 2402 359 2499 sapientiores
378 2415 415 2476 et
432 2403 668 2492 robustiores
694 2412 782 2477 sunt
798 2403 851 2477 illi
868 2402 925 2478 his
942 2428 1086 2502 semper
1102 2415 1166 2479 aut

115 2515 441 2613 saepesuperiorea
470 2516 554 2590 Sive
564 2515 678 2612 igitur
687 2531 820 2592 natura
831 2517 998 2591 homines
1007 2519 1166 2615 aequales

115 2630 217 2703 inter
235 2652 275 2702 se
293 2629 379 2720 sint,
407 2629 640 2726 agnoscenda
665 2643 721 2704 est
745 2630 956 2727 aequalitas;
984 2631 1060 2704 sive
1077 2632 1165 2705 inae-

117 2743 259 2840 quales,
278 2741 366 2838 quia
382 2744 559 2816 certaturi
572 2754 658 2817 sunt
675 2745 721 2816 de
734 2743 901 2840 imperio,
919 2743 1166 2818 necessarium

116 2869 176 2930 est
188 2855 391 2954 adpaccm
409 2856 700 2954 consequendam
721 2865 763 2930 at
772 2881 851 2956 pro
869 2855 1078 2956 equalibus
1095 2857 1163 2930 Ιια-

118 2971 294 3044 beaatar.
346 2970 394 3042 Et
412 2979 609 3067 propterea
627 2969 719 3065 legis
741 2970 919 3044 naturalis
937 2980 1068 3044 octavo
1084 2972 1167 3045 loco

116 3093 350 3180 praeceptum
367 3092 434 3172 est,
461 3090 502 3156 at
527 3083 779 3181 araaaqaicqae
804 3093 943 3157 actara
970 3083 1168 3182 unicuiqae

119 3194 489 3296 equalirhnbeatar.
518 3194 589 3268 Cui
598 3195 673 3293 legi
684 3196 868 3269 contraria
878 3207 1166 3272 catanensem.

177 3319 234 3384 14.
263 3309 367 3382 Siout
376 3309 622 3382 necessarium
633 3319 712 3382 crat
724 3308 772 3381 ad
784 3310 1070 3408 uniuscujusque
1080 3335 1320 3386 con-rasam
1330 3346 1366 3410 ηε

119 3423 380 3511 servationem,
391 3433 433 3496 ut
447 3421 492 3494 de
510 3421 728 3517 quibusdam
736 3421 892 3518 juribus
910 3424 984 3498 suis
997 3424 1146 3500 cederet
1157 3458 1167 3509 3
1180 3399 1371 3454 m‘d‘mffl‘h‘

120 3539 175 3612 ita
190 3561 268 3611 non
285 3534 405 3609 minus
422 3535 668 3609 necessarium
690 3547 746 3608 est
767 3535 816 3608 ad
841 3535 996 3610 eandem
1022 3562 1170 3612 conser-

119 3652 311 3726 vationem
336 3659 381 3722 ut
398 3651 494 3745 jura
518 3649 687 3744 quaedam
713 3647 883 3738 retineat,
913 3649 1086 3724 nimirum
1100 3653 1170 3748 jac

121 3763 289 3862 corporis
314 3761 454 3852 tuendi,
473 3763 543 3857 jas·
567 3761 714 3836 fruendi
738 3785 823 3834 aere
845 3761 973 3854 libero,
999 3787 1107 3860 aqua,
1132 3778 1171 3839 et

122 3877 268 3950 caeteris
296 3874 465 3948 omnibus
499 3874 586 3948 vitae
614 3873 838 3948 necessariis.
891 3875 985 3948 Cum
1010 3875 1124 3970 igitur
1148 3901 1172 3950 a

121 4015 254 4086 pacem
264 3988 476 4062 ineuntibus
488 3988 937 4083 multajuraretineantur
949 3989 1171 4080 communia,

123 4105 242 4179 multa
269 4102 382 4176 etiam
410 4102 648 4200 acquirantur
671 4101 841 4198 propria;
868 4101 1054 4176 dictamen
1080 4101 1171 4198 legis

124 4216 305 4291 naturalis
323 4239 461 4288 nonum
479 4215 607 4303 oritur,
625 4237 757 4312 nempe
775 4224 816 4287 at
833 4218 1172 4313 quaecrtmqaejara

124 4331 382 4429 unusquisque
420 4313 646 4427 sibinectipai
673 4326 861 4426 postulat,
888 4327 1017 4403 eadem
1058 4329 1172 4404 etiam
