2896 4914
470 318 524 370 DE
541 317 818 373 NUTRI‘HONB.
1141 305 1164 370 3

123 484 323 562 nutritioni
352 483 522 562 idoneam
555 497 706 584 portant
734 485 880 562 arteriae
905 484 1087 560 carotides
1115 484 1164 562 ad
1200 517 1297 572 asor.
1310 517 1349 570 rr,
1437 523 1438 560 r

123 600 342 684 cerebrum
368 598 467 675 unde
493 599 756 676 transmittitur
780 599 901 674 colata
926 621 993 696 per
1017 622 1162 691 nervos,
1201 595 1344 700 „L
1437 585 1438 598 ¹

118 725 164 788 et
181 711 335 790 discissa
356 713 396 788 in
421 714 613 790 innumera
639 711 882 788 minutissima
906 711 969 788 fila
994 712 1039 788 fit
1064 734 1162 788 caro.
1206 735 1342 782 mm:

121 829 275 904 Interea
287 827 447 924 sanguis,
463 849 530 924 per
542 839 685 902 aortam
698 837 736 901 et
747 825 907 900 ramulos
921 825 999 922 ejus
1012 825 1050 900 in
1064 849 1163 900 mns-

121 942 227 1016 culos
244 941 401 1033 delatus,
418 965 567 1016 carnem
579 941 658 1038 jam
669 939 805 1014 factam
821 938 932 1037 tingit
947 938 1136 1014 rubedine.

175 1055 360 1130 Praeterea
376 1054 507 1128 eodem
531 1063 636 1128 motu
661 1052 891 1144 arteriarum,
916 1075 989 1151 quo
1016 1053 1162 1150 sanguia

121 1168 164 1242 in
181 1167 367 1242 musculos
384 1167 559 1259 defertur,
576 1165 750 1242 saturatis
775 1165 947 1240 musculis
963 1165 1108 1263 cogitur
1123 1166 1162 1242 in

122 1304 239 1354 venas
266 1281 481 1377 capillatam
507 1281 555 1354 et'
570 1303 618 1354 ne
643 1277 807 1376 pondere
831 1301 898 1353 suo
915 1277 1069 1368 mutter,
1086 1279 1161 1354 val-

119 1395 217 1468 vulis
249 1395 473 1480 sustinetur;
502 1392 741 1491 proceditque
774 1392 823 1467 ad
855 1415 986 1466 venam
1019 1417 1159 1482 cavum,

118 1518 234 1604 atque
269 1505 356 1580 inde
385 1529 511 1580 rursus
540 1506 589 1581 ad
618 1529 694 1596 cor,
725 1507 856 1596 etita,
887 1515 1036 1603 recepto
1062 1529 1160 1580 novo

118 1621 244 1717 chylo,
257 1641 325 1716 per
338 1619 490 1694 arterias
507 1617 554 1692 ed
568 1617 751 1692 musculos
765 1617 986 1692 circuiendo.
1038 1619 1162 1715 Atque

118 1735 213 1824 haeo,
241 1743 397 1830 excepto
424 1731 524 1829 quod
549 1731 684 1806 dicitur
707 1731 754 1806 dc
778 1732 1015 1829 generatione
1042 1733 1161 1806 earnis

118 1871 187 1945 per
203 1869 349 1936 nervos,
376 1847 422 1920 de
449 1871 522 1944 quo
547 1845 699 1922 ulterius
724 1845 993 1943 inquirendum,
1019 1845 1161 1942 experi-

117 1959 256 2036 mentis
273 1961 492 2034 confirmata
507 1969 604 2034 sunt.

172 2072 361 2150 Quamdiu
387 2073 534 2170 sanguis
551 2096 607 2162 ea,
626 2093 699 2168 qua
716 2071 854 2146 dictum
872 2083 939 2162 est,
966 2071 1026 2146 via
1043 2073 1160 2148 circu·

119 2187 230 2278 latur,
266 2186 409 2262 tamdiu
441 2187 552 2260 homo
578 2185 680 2260 vivit.
731 2185 918 2262 Quamdiu
941 2197 1066 2261 autem
1097 2209 1160 2262 cor

119 2315 266 2376 motum
293 2325 399 2376 suurn
425 2300 572 2398 systole
598 2310 636 2375 et
663 2299 827 2374 diastolae
849 2300 997 2392 retinet,
1020 2300 1161 2376 tamdiu

118 2415 272 2512 sanguis
289 2413 498 2488 circuietur.
551 2413 625 2488 Sed
640 2413 739 2488 uude
763 2413 875 2489 habet
896 2427 1037 2489 motum
1059 2415 1161 2488 illum

120 2529 212 2604 cor?
237 2529 274 2602 A
287 2537 392 2602 motu
403 2526 527 2625 aliquo
540 2527 580 2602 in
593 2527 781 2622 sanguine,
796 2551 844 2602 en
857 2527 1005 2626 sanguis
1019 2539 1161 2602 motum

120 2665 229 2718 suum
253 2641 367 2716 habet
383 2665 408 2714 a
422 2638 558 2714 corde?
610 2639 768 2714 Constat
792 2639 981 2731 infantem,
1007 2641 1096 2716 dum
1120 2641 1159 2716 in

119 2765 227 2830 utero
246 2765 304 2828 est
318 2753 458 2844 matris,
474 2765 615 2827 motum
629 2753 750 2828 cordis
767 2753 902 2828 habere
919 2779 942 2828 a
958 2765 1060 2828 motu
1076 2777 1159 2830 san-

118 2868 241 2964 guinis
258 2866 427 2957 materni,
445 2877 484 2940 et
498 2867 612 2942 vitam
628 2891 651 2940 a
667 2867 743 2942 vita
759 2867 886 2942 matris
907 2868 967 2942 cui
983 2868 1158 2944 odhaeret.

120 2981 362 3056 Manifestum
395 2980 507 3054 etium
536 2991 602 3070 est,
633 3003 717 3054 cum
751 3005 796 3054 err
830 2992 936 3055 utero
966 2979 1096 3055 exierit
1121 2993 1159 3056 et

118 3119 244 3170 nerem
269 3093 382 3169 semel
403 3093 578 3184 hauserit,
602 3117 678 3168 non
698 3117 807 3190 posse
831 3105 958 3190 postea
980 3093 1158 3169 sincaere

119 3209 254 3283 vivere.
308 3207 482 3304 Sequitur
498 3229 586 3304 ergo
603 3208 728 3297 vitam,
742 3207 781 3282 id
798 3221 867 3297 est,
880 3219 1021 3284 motum
1038 3207 1158 3282 cordis

121 3321 328 3419 dependere
354 3321 401 3394 ab
427 3343 523 3411 aere,
549 3331 587 3394 et
606 3321 760 3417 proinde
781 3344 900 3394 aerem
926 3320 985 3396 vel
1007 3320 1157 3419 aliquid,

121 3433 221 3530 quod
238 3457 324 3508 eum
340 3457 425 3508 aere
450 3432 652 3523 imbibitur,
679 3456 826 3506 causam
843 3457 921 3507 esse
938 3444 1060 3508 motus
1078 3455 1157 3508 cor-

121 3547 187 3622 dis.
240 3546 428 3644 Quicquid
444 3557 567 3622 autem
584 3547 632 3620 sit
649 3547 687 3620 in
704 3571 788 3620 aere
816 3547 915 3645 quod
938 3571 1002 3622 cor
1023 3558 1158 3637 movet,

120 3683 270 3735 necesse
304 3673 362 3736 est
395 3667 441 3734 ut
471 3661 571 3758 prius
605 3673 750 3734 moveat
784 3661 1011 3757 sanguinem.
1062 3661 1159 3734 Nam

121 3771 273 3848 haustus
291 3797 355 3847 aer
367 3773 499 3847 transit
514 3795 581 3870 per
603 3773 774 3846 arteriam
790 3797 958 3870 asperam
975 3775 1013 3848 in
1029 3797 1159 3872 paren-

121 3885 253 3985 chyma
269 3885 497 3984 pulmonum,
514 3909 583 3960 nec
600 3879 649 3959 ad
662 3909 727 3982 cor
743 3887 933 3984 pervenire
951 3898 1072 3984 potest
1086 3887 1158 3960 uisi

121 3997 233 4075 intret
255 4000 295 4074 irr
322 3998 495 4074 ameriam
518 4021 703 4089 venusam,
728 4011 765 4073 et
791 3999 845 4074 ita
864 3999 1026 4074 secundo
1049 4023 1158 4074 cursu

122 4113 308 4211 sanguinis
334 4112 383 4186 od
411 4135 476 4186 cor·
503 4111 699 4186 deferatur.
753 4112 882 4209 Itaque
911 4111 962 4202 id,
994 4113 1093 4210 quod
1119 4113 1158 4187 irr

122 4249 203 4302 aere
240 4227 400 4302 existens
439 4239 581 4301 motum
620 4249 725 4300 suurn
760 4225 927 4322 sanguini
969 4225 1156 4323 imprimit,

988 4355 1042 4412 13²
