2918 4912
294 269 368 336 254
700 284 932 338 rnrnmnn.

92 481 194 536 sacr.
210 482 262 533 111.
292 453 416 527 cibum
441 452 634 550 jugulare3
661 453 858 528 durissima
884 477 972 527 sane
999 453 1193 526 hominum
1219 451 1350 528 eondi-

107 561 250 666 ss
290 567 403 657 tione,
430 589 522 663 qnos
548 567 678 640 bestiae
706 567 882 643 devorare
910 567 989 640 sine
1016 567 1153 662 injuria
1181 576 1348 662 possent,

290 680 344 754 illi
360 679 498 754 bestias
514 705 591 755 non
607 692 768 777 possent.
822 680 1012 777 Siquidem
1029 704 1118 776 ergo
1136 704 1160 752 a
1178 681 1266 775 jure
1282 705 1348 752 na-

289 794 402 869 turali
419 794 479 882 sit,
498 794 599 890 quod
623 795 741 869 bestia
766 795 953 867 hominem
972 792 1131 883 occidat,
1148 793 1197 865 ab
1216 793 1348 867 eodem

287 910 371 1005 jure
390 906 473 999 erit,
492 906 594 1004 quod
607 909 720 983 homo
734 908 881 1006 jugulet
896 907 1066 981 bestiam.

681 1358 844 1433 CAPUT
869 1359 937 1434 IX.

379 1533 427 1584 DE
444 1533 534 1583 June
553 1533 751 1583 PARENTUM
769 1534 807 1583 IN
825 1533 985 1596 LIBEROS,
1003 1532 1050 1581 ΕΤ
1067 1529 1115 1580 DE
1134 1531 1260 1580 REGNO

677 1633 951 1684 PATRIMONIALI.

293 1740 321 1796 1.
342 1735 674 1812 Dominiumpaternnm
687 1753 745 1794 non
754 1735 846 1793 oritur
858 1753 876 1792 a
888 1735 1082 1812 generatione.
1123 1735 1152 1792 2.
1172 1732 1346 1792 Dominium

330 1829 361 1885 in
373 1828 498 1886 infantes
512 1827 573 1905 ejus
587 1835 639 1897 est,
653 1829 705 1904 qui
724 1828 833 1904 primus
853 1846 902 1885 eos
915 1828 945 1884 in
958 1833 1100 1903 potestate
1113 1845 1167 1884 sua
1177 1827 1278 1884 habet.
1318 1832 1346 1886 3.

330 1918 501 1978 Dominium
510 1921 541 1977 in
552 1919 675 1978 infantes
683 1917 859 1996 originaliter
869 1921 967 1977 matris
978 1926 1031 1977 est.
1069 1922 1099 1977 4.
1119 1917 1222 1976 Infans
1232 1920 1347 1994 exposi-

329 2019 376 2069 tus
390 2013 451 2089 ejus
472 2019 524 2085 est,
542 2031 632 2089 aquo
647 2019 841 2070 conservatur.
881 2015 910 2071 5.
932 2010 1026 2070 Natus
1040 2028 1077 2067 ex
1090 2009 1154 2066 cive
1168 2015 1198 2066 et
1219 2009 1347 2069 habente

328 2122 474 2162 summum
487 2105 651 2180 imperium,
663 2097 831 2179 imperantis
844 2109 896 2160 est.
935 2106 965 2162 6.
986 2101 1021 2158 In
1035 2100 1242 2177 conjunctione
1257 2103 1347 2160 maris

328 2202 358 2253 et
369 2194 503 2264 foeminae‚
523 2196 564 2253 ita
577 2204 611 2253 ut
633 2203 735 2253 neuter
756 2193 840 2251 alteri
854 2193 988 2270 imperet,
1001 2191 1062 2250 nati
1076 2191 1176 2250 matris
1190 2199 1269 2259 sunt,
1287 2195 1345 2252 nisi

327 2294 414 2362 pacto
430 2287 477 2344 vel
494 2287 560 2363 lege
582 2287 659 2345 civili
681 2286 765 2344 aliter
784 2291 936 2343 statuatur.
975 2286 1004 2348 7.
1024 2283 1125 2342 Liberi
1148 2283 1348 2361 subjiciuntur

327 2379 468 2454 patribus,
482 2397 540 2436 non
553 2379 648 2437 minus
661 2396 750 2454 quam
769 2377 845 2435 servi
858 2376 982 2435 dominis
1002 2383 1033 2434 et
1056 2377 1133 2434 cives
1152 2375 1276 2436 civitati.
1315 2383 1346 2438 8.

328 2470 376 2529 De
405 2472 515 2530 honore
542 2479 694 2547 parentum
721 2477 750 2528 et
777 2471 968 2528 dominorum.
1008 2469 1093 2530 9.1n
1121 2487 1180 2545 quo
1206 2472 1347 2532 consistat

326 2563 452 2634 libertas,
467 2571 497 2622 et
520 2563 681 2621 differentia
703 2563 809 2620 civium
824 2569 854 2620 et
874 2580 1032 2620 servorum.
1073 2565 1121 2620 10.
1141 2559 1227 2618 Idem
1241 2570 1286 2620 est
1294 2562 1346 2640 jus

327 2656 357 2713 in
372 2657 449 2713 cives
462 2656 492 2712 in
506 2673 596 2731 regno
610 2645 811 2730 patrimoniali,
830 2654 909 2730 quod
929 2654 1100 2711 institutivo.
1142 2657 1191 2713 11.
1211 2654 1346 2718 Quaestio

326 2747 364 2805 de
372 2746 439 2824 jure
452 2746 640 2805 successionis
654 2745 684 2802 in
695 2745 756 2802 sola
768 2745 936 2802 monarchia
948 2745 1046 2802 locum
1067 2744 1164 2802 habet.
1207 2749 1256 2804 12.
1276 2747 1346 2805 Mo·

326 2840 435 2898 naroha
444 2846 540 2915 potest
550 2837 855 2912 summumimperium
863 2837 986 2894 civitati
995 2843 1168 2894 testamento
1178 2835 1347 2913 disponere:

328 2934 374 2990 13.
395 2929 451 2988 Vel
464 2932 572 2988 donare
581 2929 627 2987 vel
640 2929 773 2987 vendere.
816 2933 861 2988 14.
882 2928 1045 2986 Monarcha
1057 2929 1218 2998 intestatus,
1228 2950 1347 3007 semper

327 3015 497 3099 intelligitur
517 3023 590 3079 velle
614 3020 676 3078 iore
694 3021 749 3078 sibi
772 3021 960 3078 monarcham
986 3038 1201 3078 successoremt
1234 3026 1282 3082 15.
1304 3023 1347 3082 Et

324 3113 450 3190 aliquem
465 3134 501 3172 ex
514 3115 572 3171 suis
591 3113 706 3171 liberis:
743 3113 788 3173 16.
810 3113 850 3170 Et
861 3111 1023 3170 masculum
1036 3113 1132 3188 potius
1146 3131 1235 3189 quarn
1250 3113 1345 3172 foemi-

325 3223 411 3264 nam:
444 3207 490 3269 17.
512 3205 553 3263 Et
561 3205 687 3263 filiorum
699 3213 769 3263 natu
779 3205 946 3275 maximum,
957 3224 1046 3282 quam
1056 3205 1209 3261 minorem.
1231 3209 1281 3264 18.
1305 3206 1344 3264 Et

324 3298 452 3368 lintrem,
466 3299 491 3356 si
510 3297 591 3374 prole
605 3305 710 3368 careat,
720 3317 781 3374 prae
795 3299 929 3356 omnibus
943 3296 1024 3355 aliis:
1057 3301 1104 3357 19.
1125 3295 1240 3354 Eodem
1253 3297 1343 3356 modo

325 3409 384 3468 quo
391 3390 557 3448 succeditur
564 3391 594 3446 in
605 3389 766 3465 imperium,
775 3390 941 3448 succeditur
950 3390 1037 3447 etiam
1048 3386 1131 3464 injus
1141 3390 1343 3448 successionis.

74 3519 274 3579 Dominiumrser-
289 3518 321 3584 l.
349 3507 531 3582 Socrates
544 3517 603 3581 est
628 3509 745 3599 homo,
763 3532 858 3607 ergo
877 3518 916 3582 et
933 3506 1087 3599 animal,
1105 3519 1211 3582 recta
1226 3533 1338 3606 argu·

72 3587 274 3709 lulium&
285 3622 466 3696 mentatio
494 3631 561 3711 est,
581 3620 781 3717 eademque
809 3620 1108 3707 evidentissima3
1138 3633 1341 3717 propterea

277 3735 386 3833 quod
401 3735 494 3808 nihil
512 3759 604 3831 opus
622 3745 678 3808 est
702 3735 751 3808 ad
769 3734 1041 3830 consequentiae
1059 3733 1258 3808 veritatem
1275 3759 1340 3832 ag-

284 3848 522 3937 noscendam,
552 3848 624 3922 nisi
657 3859 701 3921 nt
734 3873 807 3922 vox
837 3849 942 3921 homo
969 3848 1222 3944 intelligatur3
1251 3851 1341 3946 quia

283 3962 429 4037 1111111111
456 3973 514 4035 est
531 3962 570 4034 iu
595 3961 675 4058 ipsa
692 3962 850 4036 hominia
867 3963 1093 4052 definitione,
1117 3963 1338 4061 suppletque

284 4075 536 4172 unnsquisque
578 4075 870 4173 propositionem
914 4100 997 4172 quae
1043 4074 1337 4168 desiderabatur,

276 4211 416 4285 ¹nempe
443 4189 552 4280 hane,
571 4188 674 4264 homo
705 4200 763 4264 111
791 4188 944 4265 animal.
996 4191 1149 4280 Ethaec,
1167 4189 1336 4291 Sophro-
