2848 4908
303 279 377 347 262
705 293 936 348 tunsarum,

107 497 203 550 spor,
218 495 271 548 ut.
301 459 380 555 ipse
398 481 483 534 eum
500 467 637 534 statum
654 459 823 558 exemplo
851 483 918 535 sno
947 459 1138 557 regnando
1165 483 1344 534 commen-

119 573 263 680 ss
303 571 519 664 devitante,
536 595 607 648 nec
624 571 696 646 alio
712 573 812 648 facto
839 583 904 648 aut
919 573 1033 648 verbo
1050 585 1136 671 post
1149 573 1343 648 damnadt.

119 713 255 774 sinuum
358 693 414 760 15.
442 687 557 761 Porro
587 685 761 783 quoniam
788 685 947 762 naturali
975 688 1198 762 necessitate
1224 711 1345 762 ornnes

118 779 292 826 ⁶¹¹¹¹¹⁸¹¹”“¹⁴'²
302 799 469 874 homines
483 799 580 874 bene
596 798 667 874 illis
685 799 936 891 commolunt,
953 823 1021 897 per
1038 824 1130 898 qnos
1148 801 1218 876 sibi
1234 801 1346 876 honor

301 923 341 986 et
365 911 486 1010 glorie
515 924 583 1004 est,
602 937 713 1010 quam
740 912 847 998 aliis;
872 913 993 989 honor
1021 925 1146 988 entem
1175 927 1216 990 et
1237 915 1348 1012 gloria

300 1025 501 1122 unicuique
516 1038 602 1123 post
627 1035 786 1100 mortem
802 1049 870 1124 per
881 1025 1083 1102 liberorum
1098 1028 1226 1126 potius
1244 1053 1346 1127 quarn

300 1161 367 1236 per
391 1136 547 1213 aliorum
581 1161 898 1237 quorumcumque
926 1139 1118 1216 hominum
1147 1141 1345 1239 potentiam

300 1251 506 1348 contingit;
544 1251 741 1348 colligitur,
767 1262 913 1349 patrem
941 1255 1072 1334 melius
1100 1255 1197 1330 velle
1228 1255 1345 1330 liberis

301 1365 388 1456 suis,
407 1389 518 1463 quem
536 1365 814 1462 quibuscunque
838 1367 930 1442 aliis.
983 1369 1210 1466 Intelligitur
1228 1371 1345 1468 itaque

299 1479 470 1553 voluntas
495 1477 611 1575 patris
638 1477 803 1554 intestati
830 1503 874 1554 ea
901 1479 1029 1573 fuisse,
1046 1481 1344 1557 ntsacccrcorci

299 1591 431 1690 aliquis
455 1603 551 1666 esset
567 1615 612 1666 ex
629 1591 753 1668 liberis
770 1593 856 1668 suis.
909 1595 994 1670 Hoc
1007 1607 1132 1670 tamen
1149 1597 1203 1672 ita
1219 1597 1345 1672 intelli·

298 1705 460 1802 gendum
479 1715 547 1796 est,
566 1705 596 1780 si
622 1705 695 1780 alia
719 1707 826 1804 signa
849 1707 1034 1804 apertiora
1058 1711 1097 1784 in
1122 1711 1343 1786 contrarium

299 1843 374 1894 non
417 1819 602 1904 existant;
646 1821 751 1917 cujus
788 1821 947 1917 generis,
980 1833 1067 1920 post
1093 1826 1343 1898 successimus

289 1934 435 2029 plures,
448 1943 573 2030 potest
600 1957 679 2007 esse
698 1935 939 2010 consuetudo.
992 1937 1066 2012 Qui
1084 1937 1185 2011 enim
1202 1937 1251 2012 dc
1268 1963 1342 2012 suc·

300 2045 468 2119 cessione
485 2057 597 2136 tacet,
616 2045 837 2144 intelligitur
854 2047 1112 2123 consuetudini
1139 2050 1248 2147 regni
1265 2073 1343 2124 con·

299 2159 449 2233 sentire.

115 2285 279 2332 firmentum
353 2277 410 2345 16.
438 2272 540 2345 Inter
563 2271 699 2346 liberos
720 2271 874 2345 masculi
895 2271 1056 2348 foeminis
1075 2273 1343 2369 praeferratum

114 2351 278 2463 mmm
298 2383 481 2482 principio
499 2385 648 2483 quidem
678 2386 774 2461 forte
798 2386 899 2482 quod
914 2385 1146 2484 plerumque,
1168 2387 1259 2464 licet
1275 2413 1341 2464 non

298 2521 454 2595 semper,
472 2497 631 2595 aptiores
650 2509 737 2572 sunt
749 2497 797 2572 ad
809 2521 934 2573 rerum
947 2523 1178 2598 magnarum,
1195 2525 1342 2599 praeser-

297 2609 365 2686 tim
382 2635 470 2686 vero
493 2611 675 2686 bellorum
702 2611 1082 2700 administrationem
1107 2625 1194 2712 post
1211 2627 1340 2704 autem,

298 2725 361 2800 ubi
378 2725 416 2800 in
435 2725 736 2801 consuetudinem
754 2725 857 2812 abiit,
875 2725 975 2822 quod
992 2729 1254 2803 consuetudini
1273 2753 1341 2804 non

297 2838 655 2924 sitcontradictum;
677 2838 1340 2940 ideoquevoluntaspotrisineorum

296 2953 473 3044 favorem,
504 2953 575 3028 nisi
609 2951 838 3027 consuetudo
872 2952 944 3028 alia
977 2954 1036 3028 vel
1066 2955 1213 3052 signum
1247 2953 1340 3030 aliud

297 3066 462 3163 apertius
478 3076 672 3165 repugnet,
692 3064 974 3162 interpretanda
990 3077 1058 3144 est.

85 3189 220 3270 Etfflime
352 3181 408 3262 17.
435 3179 619 3254 Filiorum
637 3189 774 3268 autem,
793 3178 880 3275 quia
906 3181 1066 3277 aequales
1087 3194 1187 3272 sunt,
1205 3207 1274 3258 nec
1291 3181 1339 3254 di-

84 3259 283 3378 {iffinmdfflz
296 3292 373 3367 vidi
386 3293 581 3389 imperium
597 3302 733 3389 potest,
745 3291 776 3366 is
793 3293 971 3366 suecedet
984 3295 1047 3391 qui
1060 3295 1242 3370 maximus
1254 3309 1338 3369 natu

297 3417 364 3480 est.
416 3405 513 3480 Nam
534 3405 565 3479 si
583 3403 792 3479 differentia
808 3405 858 3478 sit
874 3403 997 3502 eliqua
1012 3419 1167 3505 propter
1183 3421 1338 3496 amon,

296 3519 443 3616 dignior
461 3517 640 3592 maximus
658 3527 728 3592 est:
748 3541 834 3591 nam
850 3528 985 3593 nature
997 3519 1124 3616 judice
1135 3522 1243 3596 aunis
1258 3545 1337 3620 pro·

295 3632 447 3722 rectior,
466 3631 552 3728 quis
574 3632 667 3705 solet
694 3655 784 3721 esse,
802 3629 1021 3727 prudentior
1038 3645 1107 3708 est.
1157 3633 1263 3710 Alius
1279 3659 1337 3708 oo-

295 3759 371 3822 tem
385 3744 500 3843 judex
528 3743 608 3818 dari
624 3768 700 3818 non
716 3753 851 3840 potest.
905 3745 943 3818 Si
961 3769 1049 3820 vero
1066 3747 1200 3822 fratres
1218 3773 1338 3822 omnes

294 3885 364 3959 pro
382 3857 583 3955 aequalibus
610 3855 769 3930 habendi
799 3855 884 3947 sint,
911 3867 1015 3932 sorte
1044 3861 1111 3934 fiet
1137 3881 1336 3935 successor.

294 3975 362 4048 Est
378 3984 503 4046 eutem
521 3995 600 4046 sors
617 3969 808 4060 naturalis,
828 3969 1141 4071 primogenitura
1156 4003 1170 4060 ,·
1196 3999 1240 4050 ea
1254 3995 1337 4048 vero

291 4087 370 4183 jam
387 4085 583 4183 praefertur
596 4094 688 4158 natu
706 4083 911 4170 maximum
936 4109 1056 4183 neque
1070 4100 1128 4162 est
1145 4089 1208 4188 qui
1220 4101 1335 4188 potes

294 4209 411 4274 tatem
428 4199 564 4274 habeat
591 4195 793 4296 judicandi,
810 4207 936 4274 utrum
955 4225 1011 4292 eo,
1032 4227 1080 4276 an
1108 4201 1181 4280 alio
1210 4223 1336 4301 genere
