2912 4912
449 305 649 358 netsronn
671 303 968 359 uuntcn'rontn.
1198 289 1266 366 l37

126 507 175 581 ad
192 521 379 604 praecepta
395 509 617 583 universalia
637 509 697 582 via
714 511 887 606 aperitur.
941 509 1042 584 Quot
1059 517 1183 580 autem
1202 531 1267 604 ge-

125 683 218 732 nera
234 683 358 733 rerum
377 673 474 750 sunt,
501 660 540 734 in
557 661 689 758 quibus
706 659 801 734 ratio
822 659 982 733 humana
1000 659 1124 732 locum
1143 657 1268 748 habet,

124 805 166 878 in
183 816 242 879 tot
256 830 378 880 ramos
396 831 433 881 se
452 807 624 881 diffundit
641 808 883 905 philosophia,
901 807 1044 881 diverse
1061 817 1185 881 tamen
1200 830 1268 903 pro

126 957 341 1031 diversitate
359 960 533 1056 subjectae
549 961 713 1033 materiae
730 959 932 1032 nominata.
985 959 1083 1032 Nam
1101 983 1195 1056 quae,
1222 959 1268 1032 de

126 1109 256 1204 figuris
273 1121 450 1199 tractam,
477 1111 748 1194 Gnosiorum
775 1110 821 1184 de
847 1120 961 1198 motu,
986 1109 1195 1193 Pnusrca3
1223 1108 1269 1182 de

96 1347 102 1359 ⁵
122 1261 207 1355 jure
225 1260 400 1350 naturali,
418 1261 606 1334 Monanrs
626 1261 771 1351 dicitur,
788 1271 868 1334 tota
886 1261 1173 1333 Pnrnosonnra
1192 1271 1268 1332 est:

127 1410 440 1508 quemadmodum
451 1435 563 1500 mare,
581 1413 754 1510 quod'hic
773 1411 1039 1499 Britannicum,
1053 1408 1127 1482 illic
1140 1409 1268 1482 Atlan-

126 1559 256 1649 ticum,
286 1559 376 1633 ahas
404 1559 584 1652 Indicum,
612 1585 635 1634 a
661 1559 813 1657 singulis
838 1559 1007 1632 litoribus
1032 1557 1269 1655 appellatum,

129 1719 251 1780 totum
277 1717 401 1780 tamen
428 1718 483 1780 est
513 1731 684 1782 oceanus.
736 1709 784 1782 Et
803 1719 1002 1806 geometrae
1020 1706 1169 1805 quidem
1185 1731 1270 1804 pro-

127 1857 288 1930 vinciam
302 1881 405 1932 suam
416 1859 563 1954 egregie
574 1857 931 1932 administraverunt.
972 1857 1160 1955 Quicquid
1173 1857 1271 1930 enim

127 2005 300 2079 humanae
324 2005 410 2078 vitae
434 2005 558 2078 auxilii
582 2005 765 2102 contingit
785 2029 808 2078 a
827 2005 988 2078 siderum
1005 2001 1269 2095 observatione,

128 2182 152 2230 a
167 2169 351 2231 terrarum
369 2156 627 2254 descriptione,
654 2183 676 2231 a
693 2169 899 2255 temporum
921 2156 1121 2246 notatione,
1148 2179 1171 2228 a
1189 2154 1271 2228 lon-

129 2306 277 2403 ginquis
295 2307 610 2404 navigationibus;
638 2306 814 2404 quicquid
831 2306 869 2380 in
885 2305 1048 2380 aedifioiis
1064 2305 1270 2402 pulchrum,

129 2454 167 2528 in
197 2454 484 2553 propugnaculis
509 2455 683 2546 validum,
714 2456 752 2529 in
782 2455 961 2530 machinis
990 2456 1157 2529 mirabile
1191 2466 1270 2541 est;

130 2601 307 2700 quiequid
332 2601 490 2700 denique
514 2602 734 2676 hodiernum
756 2616 901 2702 tempus
923 2629 945 2677 a
965 2605 1087 2702 prisea
1102 2605 1270 2679 barbarie

130 2751 338 2848 distinguit,
356 2762 476 2824 totum
493 2751 571 2824 fere
587 2753 808 2827 beneficium
825 2766 881 2828 est
898 2754 1121 2851 geometriae.
1174 2755 1271 2828 Nam

131 2901 231 2997 quod
258 2901 420 2998 physicae
448 2901 635 2993 debemus,
663 2903 702 2976 id
728 2903 838 2978 debet
863 2903 1014 3002 physica
1040 2903 1160 2976 eidem
1184 2929 1271 3001 geo-

131 3050 284 3123 metriae.
338 3049 377 3122 Si
402 3050 609 3147 philosophi
631 3053 787 3126 morales
809 3076 959 3126 munere
977 3077 1043 3126 suo
1060 3053 1141 3149 pari
1157 3052 1271 3126 felici·

130 3210 206 3274 tate
223 3200 345 3274 functi
362 3213 495 3292 essent,
514 3227 588 3276 nou
604 3202 712 3277 video
730 3205 778 3277 ad
794 3204 1008 3278 felicitatem
1025 3230 1128 3280 suam
1146 3205 1184 3280 in
1200 3207 1271 3281 hae

129 3349 204 3424 vita
224 3349 315 3447 quid
331 3353 486 3449 amplius
504 3356 737 3429 contribuere
753 3356 915 3430 humana
935 3357 1114 3432 industria
1134 3372 1269 3456 posset.

84 3595 86 3600 Ι
131 3497 291 3595 Cognita
303 3500 413 3590 enim,
429 3504 518 3604 pari¹
529 3505 760 3594 certitudine,
778 3507 920 3579 ratione
938 3508 1125 3582 actionum
1141 3509 1270 3583 huma-

130 3671 275 3738 narum
302 3674 376 3748 qua
399 3654 632 3748 cognoscitur
649 3655 743 3727 ratio
762 3655 1057 3752 magnitudinum
1075 3657 1113 3731 in
1131 3659 1269 3755 liguria,

130 3799 282 3872 ambitio
306 3812 344 3872 et
370 3801 533 3892 avaritia,
562 3826 717 3898 quarum
741 3805 907 3901 potentia
929 3805 1028 3878 falsis
1050 3805 1151 3902 vulgi
1173 3805 1270 3880 circa

121 3950 189 4043 jus
218 3960 257 4022 et
283 3951 459 4045 injuriam
486 3951 718 4047 opinionibus
745 3953 927 4044 innititur,
953 3954 1110 4026 inermes
1135 3967 1268 4046 essent,

131 4101 387 4199 fruereturque
404 4127 494 4200 gens
510 4103 672 4177 humana
687 4130 778 4200 pace
796 4106 888 4179 adeo
906 4115 1108 4194 constante,
1135 4117 1269 4180 utnon

132 4251 310 4344 videatur,
337 4253 408 4325 nisi
427 4253 472 4326 de
489 4251 583 4343 locu,
611 4267 798 4330 crescente
815 4255 953 4328 scilieet
970 4253 1161 4327 hominum
1178 4253 1270 4328 mul-
