2912 4912
431 315 642 370 venenato
661 315 717 368 ao
736 315 956 370 nnooonns.
1191 305 1261 386 147

131 518 301 594 homines
323 517 470 596 sibimet
493 519 650 596 invicem
676 541 875 618 omnesque
900 521 1070 598 omnibns
1096 523 1260 600 diffidere

130 692 208 742 sese
233 667 396 764 apertius
420 668 651 764 significare?
703 669 887 744 Quoniam
911 681 1035 746 antem
1059 695 1186 748 omnes
1205 674 1261 750 sio

128 817 281 907 faciunt,
306 828 384 892 tam
408 817 577 893 civitates
603 841 714 915 qoam
738 817 905 894 homines
929 831 1070 894 metum
1094 845 1201 896 sunm
1222 834 1263 902 et

130 965 372 1041 diffidentiam
396 976 562 1040 mutuam
588 967 822 1042 confitentur.
874 968 976 1042 Inter
1001 967 1262 1067 disputandum

128 1127 252 1190 antem
261 1129 417 1214 negant3
429 1117 500 1190 hoo
512 1126 582 1209 est,
590 1115 711 1192 studio
724 1118 999 1194 oontrodioendi
1011 1121 1104 1213 aliis,
1114 1132 1261 1198 eontra·

128 1266 260 1340 dieunt
283 1265 527 1364 sibimetipsis,
578 1268 773 1364 Objeotnm
796 1291 907 1366 porro
932 1293 956 1344 a
979 1271 1166 1348 nonnullis
1189 1281 1259 1364 est,

127 1416 239 1513 qnod,
257 1416 418 1491 admisso
433 1417 504 1510 hop
515 1415 708 1515 ptinoipio,
722 1419 898 1494 continno
909 1411 1083 1528 sequattn
1093 1422 1263 1498 homines

126 1589 255 1639 omnes
271 1589 350 1639 non
363 1565 474 1640 modo
489 1565 617 1656 malos,
635 1565 737 1664 quod
750 1566 861 1659 forte,
876 1569 946 1643 etsi
967 1569 1110 1662 domm,
1128 1595 1260 1646 conee-

125 1715 291 1790 dendnm
305 1725 431 1790 tamen
460 1725 540 1800 sst;
567 1739 652 1790 eum
676 1714 715 1789 id
740 1715 837 1790 clare
864 1717 1005 1792 dietum
1027 1719 1197 1796 videatur
1219 1721 1261 1798 in

126 1863 327 1959 Seiiptnris
343 1863 472 1950 saetis3
485 1862 686 1954 sedetiam,
701 1864 801 1962 qnod
814 1867 967 1941 eonoedi
983 1868 1061 1944 sine
1070 1870 1260 1968 impietate

125 2035 199 2087 non
207 2023 345 2109 potest,
354 2014 611 2088 naturamalos
621 2038 710 2089 esse.
737 2015 1117 2108 lllndvero,homines
1126 2033 1261 2097 notura

125 2165 241 2240 malos
264 2189 357 2255 esse,
381 2189 427 2238 ex
449 2166 522 2239 hoo
543 2164 724 2262 ptinoipio
748 2189 825 2241 non
845 2167 1021 2264 seqnitur.
1072 2170 1170 2244 Nam
1189 2171 1260 2246 etsi

123 2313 456 2410 paucioresessont
471 2313 560 2388 mali
575 2337 685 2410 quam
700 2313 801 2404 boni,
819 2315 992 2411 quoniam
1003 2325 1127 2393 tamen
1141 2319 1261 2394 bonos

122 2492 147 2542 a
156 2467 265 2540 malis
275 2467 525 2540 internoscere
537 2489 612 2539 non
628 2489 833 2562 possumus,
845 2467 1043 2542 necessitas
1056 2467 1258 2562 diffidendi,

124 2616 292 2706 cavendi,
305 2615 540 2713 anticipandi‚
554 2615 785 2714 subjugandi,
799 2641 947 2714 quoquo
960 2619 1070 2692 modo
1082 2620 1259 2696 sedefen-

123 2763 248 2854 dendi,
262 2764 442 2838 incumbit
452 2777 629 2862 perpetuo
642 2765 754 2838 etiam
765 2764 871 2838 bonis
881 2776 920 2841 et
929 2767 1114 2842 modestis.
1133 2769 1258 2845 Minus

122 2939 210 2990 vero
235 2915 401 3011 sequitur
418 2937 481 2988 eos
497 2915 607 3012 ipsos,
627 2915 690 3012 qni
712 2914 800 2988 mali
816 2927 914 3007 sunt,
930 2917 983 2990 ita
1004 2917 1122 2992 factos
1138 2943 1218 2994 esse
1233 2943 1259 2996 a

122 3075 268 3139 natura.
320 3065 551 3162 Quamquam
576 3063 674 3138 enim
699 3089 723 3138 a
746 3075 890 3156 natura,
915 3066 987 3140 hoe
1012 3077 1080 3158 est,
1105 3069 1152 3142 ab
1177 3069 1258 3167 ipsa

121 3215 329 3305 nativitate,
346 3237 392 3288 ex
407 3238 452 3288 eo
469 3213 569 3312 qnod
584 3224 783 3289 nascantur
804 3215 1070 3306 animoliahoe
1083 3217 1258 3310 habeant,

121 3375 165 3439 nt
188 3365 316 3439 statim
341 3364 476 3454 omnia,
502 3387 585 3460 qoae
609 3363 679 3438 sibi
702 3363 861 3460 placent,
877 3365 1029 3462 cupiant
1045 3365 1257 3466 faciantque

8 3537 14 3546 ·
122 3527 302 3614 qnantum
317 3527 482 3612 possunt,
497 3526 543 3588 ut
558 3537 642 3610 quae
654 3514 868 3612 impendent
878 3516 986 3608 mala,
1002 3528 1069 3591 ant
1082 3529 1184 3594 meto
1198 3519 1257 3592 fo-

120 3667 237 3764 giont,
255 3676 322 3740 aut
336 3664 393 3741 ira
408 3665 597 3763 repellant,
609 3689 685 3740 non
701 3675 826 3740 tamen
842 3668 890 3740 ob
906 3691 988 3742 eam
1004 3691 1152 3742 cansam
1168 3668 1255 3742 mali

121 3813 264 3888 censeri
280 3812 420 3887 solent:
437 3838 525 3888 nam
539 3815 693 3888 affectus
708 3813 833 3905 animi,
848 3815 912 3911 qni
923 3840 948 3890 a
958 3826 1091 3890 natura
1105 3815 1255 3890 animali

119 3966 417 4062 proficiscuntur,
429 3965 516 4038 mali
528 3989 603 4038 non
616 3977 704 4040 sont
714 3966 795 4064 ipsi,
808 3967 874 4040 sed
885 3967 1050 4042 actiones
1065 3966 1152 4042 inde
1166 3991 1254 4064 pro-

118 4117 310 4190 venientes
337 4114 444 4188 malae
473 4113 670 4212 aliqnando
699 4127 807 4200 sont;
837 4116 1010 4190 nimirum
1040 4114 1185 4211 quondo
1214 4125 1254 4190 et

117 4265 238 4338 noxiae
255 4273 354 4352 sont,
371 4273 410 4336 et
425 4263 737 4339 eontraoffieinm.
763 4263 936 4352 Infantes,
950 4263 1022 4340 nisi
1032 4263 1158 4340 *omnia
1169 4286 1252 4364 qun

1096 4433 1120 4483 o
1137 4431 1154 4478 a
