2828 4912
306 301 355 370 90
675 317 729 370 nn
750 317 933 372 nummu.

116 513 214 568 seco,
229 515 267 568 ῃ,
304 492 455 578 pentem
464 481 670 580 intelligere
680 483 894 579 loquentem
904 483 951 557 de
961 485 1202 580 morte,oujus
1212 482 1344 558 nullam

120 592 263 698 „IL
304 595 441 668 habere
463 596 584 692 potuit
600 593 722 668 ideam
742 596 919 685 Adamas,
945 598 1086 694 primus
1111 597 1342 672 mortalium?

306 709 398 782 Haeo
417 731 506 805 ergo
523 710 683 782 naturali
703 709 814 784 modo
840 710 997 807 intelligi
1023 733 1099 786 nou
1123 723 1340 807 potuerunt;

303 833 342 896 et
357 845 424 920 per
441 847 680 919 consequeus,
709 823 813 920 origo
840 825 1019 898 sermonis
1040 825 1261 900 naturaliter
1279 826 1342 898 alia

303 959 383 1010 esse
408 959 485 1010 non
510 937 632 1032 potuit
658 949 795 1034 praeter
819 937 932 1033 ipsius
957 938 1117 1012 hominis
1140 939 1340 1012 arbitrium.

306 1048 418 1124 Quod
434 1050 552 1146 magis
564 1049 685 1124 adhuc
698 1051 932 1147 perspicuum
946 1064 1003 1125 est
1020 1076 1066 1126 ex
1078 1052 1289 1148 linguarum
1300 1053 1342 1126 ad

304 1163 420 1236 Babel
436 1163 631 1238 oblivione.
684 1165 781 1238 Nam
798 1189 843 1238 ex
861 1189 905 1239 eo
922 1177 1089 1262 tempore
1106 1166 1245 1262 lingnae
1259 1177 1341 1240 orta

304 1287 390 1351 sunt
415 1276 581 1366 diversae,
607 1290 645 1351 et
671 1303 693 1351 a
718 1278 871 1376 singulis
892 1279 1102 1356 hominibus
1126 1279 1165 1352 in
1188 1279 1341 1378 singulas

303 1400 433 1486 gentes
458 1390 643 1464 derivatae.
696 1391 808 1466 Quod
833 1403 956 1466 autem
980 1393 1108 1466 dieunt
1129 1393 1255 1490 aliqui,
1281 1395 1341 1466 im-

302 1504 422 1600 posita
451 1527 531 1578 esse
558 1504 710 1600 singulis
737 1506 846 1579 rebus
877 1506 1027 1580 nomina
1050 1507 1159 1602 juxta
1184 1506 1338 1604 ipsarum

303 1642 427 1692 rerum
443 1629 625 1709 naturam,
643 1619 783 1716 puerile
797 1630 865 1693 est.
918 1619 994 1696 Qui
1008 1618 1107 1692 euim
1120 1619 1201 1692 fieri
1213 1620 1339 1716 potnit,

304 1755 388 1805 oum
413 1757 488 1806 nna
513 1733 561 1807 sit
585 1734 722 1829 ubique
740 1745 871 1807 natura
887 1757 1023 1824 rerum,
1052 1733 1205 1807 diversoe
1223 1745 1339 1807 tamen

304 1859 426 1920 essent
450 1846 614 1943 liuguae?
667 1847 715 1920 Et
740 1846 829 1943 qnid
853 1847 966 1920 habet
991 1847 1099 1920 affine
1125 1871 1208 1936 voa,
1236 1847 1339 1921 idest

303 1983 426 2050 sonus,
444 1971 483 2034 et
499 1960 646 2049 animal,
664 1961 764 2057 quod
780 1970 836 2034 est
853 1959 1010 2058 corpus?
1404 2043 1405 2050 ἵ

136 2092 246 2136 semonia
354 2083 389 2146 3.
416 2074 474 2146 Ab
498 2074 664 2148 oratione
684 2097 767 2170 quae
791 2073 1011 2170 contingunt
1028 2072 1236 2162 commoda,
1254 2096 1340 2168 prae·
1404 2109 1405 2130 κ

133 2157 276 2268 slmtl'llllsl
305 2186 414 2283 cipua
436 2186 515 2260 haeo
539 2199 634 2262 sunt.
687 2187 822 2277 Primo,
847 2185 945 2282 quod
970 2211 1039 2283 ope
1063 2186 1256 2260 nominum
1278 2210 1339 2258 nn·

302 2299 495 2374 meralium
504 2300 615 2373 homo
625 2300 741 2396 possit
754 2323 946 2373 numerare
958 2323 1035 2373 non
1045 2298 1157 2372 modo
1167 2298 1337 2388 unitates,

303 2413 507 2488 sedetiam
535 2436 621 2502 aaa,
650 2435 877 2508 quaeeunque
904 2437 947 2486 ea
975 2424 1082 2496 sunt;
1108 2422 1152 2485 ut
1179 2436 1336 2510 corpora,

302 2538 483 2623 quatenus
505 2536 592 2600 sunt
614 2525 690 2599 ullo
712 2525 823 2600 modo
850 2537 1000 2622 quanta,
1024 2526 1100 2599 sive
1121 2524 1246 2621 longa,
1271 2525 1336 2598 sive

301 2640 413 2737 longa
430 2651 467 2714 et
489 2641 575 2728 lata,
602 2639 677 2712 sive
697 2638 809 2734 longa
824 2638 902 2714 lata
917 2650 956 2712 et
973 2661 1116 2722 orassa;
1144 2637 1335 2734 eademque
1403 2687 1404 2708 1

302 2777 533 2848 componere,
559 2753 737 2842 minuere,
767 2763 804 2826 et
825 2776 892 2849 per
909 2776 1082 2827 numeros
1101 2749 1334 2850 multiplicare

301 2876 339 2940 et
357 2866 531 2957 dividere,
545 2877 584 2939 et
601 2866 700 2939 inter
717 2889 755 2938 se
774 2889 1009 2962 comparare;
1036 2865 1149 2940 etiam
1165 2875 1333 2961 tempora,

300 2989 454 3069 motum,
480 2980 656 3076 pondera,
683 2979 785 3053 etin
811 2979 1047 3075 qualitatibus
1069 2978 1207 3076 gradus
1224 2979 1333 3053 inten-

301 3094 414 3167 sionis
436 3105 475 3168 et
495 3094 719 3168 remissionis
737 3093 878 3167 calculo
896 3093 1089 3189 sanicere.
1141 3093 1198 3166 Ex
1215 3091 1334 3188 quibus

300 3207 409 3281 rebus
426 3208 511 3282 vitae
528 3209 711 3296 humanae,
729 3231 840 3303 snpra
857 3207 1109 3280 conditionem
1127 3217 1332 3280 oaeterornm

300 3320 524 3410 animalium,
555 3321 721 3416 ingentia
746 3320 941 3394 commoda
965 3319 1145 3394 oriuntur.
1198 3317 1332 3392 Artium
1402 3309 1403 3326 ¹

300 3435 399 3508 enim
423 3435 555 3508 harum
581 3459 669 3506 usus
687 3445 847 3530 quantus
869 3433 917 3506 sit
934 3433 972 3506 in
990 3431 1244 3507 mensurandis
1261 3451 1332 3504 cor·

299 3550 461 3645 poribus,
479 3549 518 3621 in
536 3547 676 3622 calculo
690 3559 910 3646 temporum,
924 3546 963 3620 in
977 3545 1252 3642 computatione
1264 3563 1333 3614 mo·

298 3673 405 3736 tuum
424 3661 639 3751 coelestium,
665 3661 704 3734 iu
718 3660 817 3734 orbis
835 3671 1017 3733 terrarum
1031 3653 1334 3754 descriptionem

298 3775 606 3871 navigationibus,
643 3774 682 3846 in
712 3771 891 3862 aedificiis,
921 3772 960 3845 iu
984 3769 1164 3846 machinis
1191 3769 1333 3863 aliisque

299 3892 409 3964 rebus
423 3888 651 3978 necessariis,
665 3911 774 3960 nemo
788 3885 920 3982 estqui
933 3885 1063 3960 nescit.
1108 3885 1203 3959 Quae
1220 3877 1336 3957 omniu
1401 3883 1402 3910 ³

299 4028 323 4077 a
357 4003 612 4078 numeratione
641 4001 939 4097 proficiscuntur,
971 4024 994 4073 a
1021 4021 1191 4074 sermone
1220 4007 1334 4070 autem

298 4115 516 4190 numeratio.
569 4114 751 4203 Secundo,
775 4112 874 4209 quod
899 4112 993 4184 alter
1018 4111 1176 4185 alterum
1198 4108 1334 4188 dooere,

209 4237 213 4246 ’
299 4230 428 4322 idest,
452 4229 643 4305 seientiam
667 4252 771 4303 suam
797 4226 903 4302 alteri
931 4224 1215 4314 communicare,
1242 4213 1335 4318 quod
