2918 4912
292 297 346 349 on
366 295 519 350 rursus
540 293 772 356 crvrrsruu
792 294 1034 349 sonorosus.
1110 279 1184 360 247

128 463 392 561 praescriptum
405 465 489 560 jure
506 463 692 554 convenit,
706 472 829 560 potest
846 461 1003 539 eundem
1019 463 1186 562 imperio,
1211 499 1309 554 suco,
1323 501 1375 556 ur.

132 578 165 652 si
182 578 287 668 velit,
306 577 474 674 spoliare.
527 578 695 674 Denique
721 601 798 668 rex,
817 577 881 674 qui
905 576 1099 674 imperium
1123 577 1187 654 ad-
1227 577 1367 686 »L-

96 778 101 788 .
131 691 419 766 ministrandum
453 691 516 768 alii
550 691 666 768 tradit
700 691 789 764 dum
822 691 900 787 ipse
935 689 1082 781 dormit,
1116 715 1186 768 uec

131 801 308 902 evigilare
331 803 468 900 potest,
485 803 557 878 nisi
583 804 615 878 is
642 803 703 878 cui
732 801 910 880 traditum
935 813 993 878 est
1017 803 1186 895 voluerit,

135 942 214 994 una
239 917 403 1015 perdidit
419 917 614 1014 imperium
633 941 718 994 cum
735 917 833 1000 vita;
861 916 913 990 sic
927 916 1104 1014 populus,
1123 917 1186 1014 qui

131 1031 344 1106 monarcho
361 1031 595 1130 temporario
619 1029 816 1128 imperium
846 1030 1042 1120 commisit,
1068 1029 1123 1104 ita
1144 1041 1187 1106 ut

131 1146 276 1241 injussu
303 1147 383 1241 ejus
404 1169 481 1218 non
512 1145 629 1241 possit
647 1144 782 1221 iterum
805 1144 1012 1234 convenire,
1037 1143 1186 1240 penitus

130 1257 332 1332 dissolutus
346 1268 418 1348 est,
436 1269 634 1353 monetque
651 1257 846 1354 imperium
859 1279 972 1353 penes
989 1256 1159 1332 electum.

187 1373 244 1453 17.
272 1369 488 1445 Monarclto
505 1369 536 1442 si
554 1367 643 1466 quid
652 1369 878 1468 promiserit
896 1369 979 1459 civi,
996 1369 1056 1442 vel
1071 1369 1185 1466 pluri·
1197 1385 1327 1441 Momm

131 1485 200 1558 bus
228 1483 340 1556 simul
371 1483 523 1572 civibus,
550 1493 705 1582 propter
735 1481 837 1579 quod
860 1505 928 1580 per
957 1453 1383 1580 consequensiissis'ffin

130 1620 316 1670 summum
332 1595 526 1692 imperium
543 1596 706 1672 exerceri
723 1621 800 1671 non
812 1608 950 1693 potest,
956 1596 1183 1695 promissum
1194 1581 1302 1704 fflg
1314 1581 1383 1692 ,ξιξ

129 1710 223 1784 illud
233 1709 310 1784 sive
317 1718 487 1808 pactum,
495 1711 620 1806 jurato
632 1710 692 1784 vel
704 1710 865 1806 injurato
874 1710 1026 1800 factum,
1038 1709 1182 1786 irritum
1194 1711 1271 1821 ξιξ
1280 1711 1383 1835 am

130 1833 200 1896 est.
253 1823 412 1896 Pactum
430 1823 529 1896 enim
546 1833 603 1898 est
616 1823 709 1920 juris
726 1823 931 1915 translatio,
949 1846 1032 1920 quse
1047 1846 1114 1920 per
1127 1847 1183 1915 ea,
1195 1843 1254 1886 rum
1268 1843 1396 1888 mn

131 1959 216 2031 qnae
230 1934 368 2032 (capite
382 1935 557 2025 secundo,
570 1936 726 2012 articulo
737 1935 778 2032 4)
796 1936 1012 2028 dictasunt,
1029 1937 1185 2034 requirit

130 2051 243 2146 signa
258 2049 394 2124 idonea
409 2049 610 2124 voluntatis
626 2049 665 2124 in
683 2049 940 2129 transferente.
1004 2049 1080 2126 uui
1096 2073 1184 2126 vero

129 2162 356 2238 sufficienter
383 2162 569 2258 significat
596 2162 827 2240 voluntatem
851 2163 1035 2239 retinendi
1060 2165 1184 2256 finem,

129 2276 357 2352 sufficienter
381 2274 546 2352 declarat
571 2301 611 2352 se
640 2302 717 2354 non
748 2277 927 2354 decedere
955 2277 1002 2352 de
1026 2278 1111 2375 jure
1137 2277 1186 2352 ad

129 2389 255 2464 media
272 2388 321 2464 ad
333 2411 418 2464 eum
430 2391 543 2466 finem
559 2391 776 2468 necessaria.
802 2392 825 2466 J
827 2415 887 2466 am
903 2415 1002 2482 vero,
1021 2391 1084 2488 qui
1100 2413 1185 2488 pro-

130 2503 233 2580 misit
252 2501 405 2600 aliquod
421 2504 670 2580 necessarium
699 2503 749 2578 ad
774 2529 948 2580 summum
976 2505 1183 2602 imperium,

129 2617 252 2714 ipsum
277 2629 401 2691 tamen
421 2615 617 2714 imperium
642 2617 792 2708 retinet,
811 2617 900 2692 satis
926 2615 1062 2691 idonea
1079 2616 1186 2714 sigua

131 2729 197 2806 dot
222 2753 263 2804 se
292 2752 370 2804 non
395 2729 504 2804 aliter
529 2730 753 2826 promisisse,
779 2730 851 2806 nisi
878 2739 1061 2827 quatenus
1087 2754 1183 2804 eum-

129 2869 225 2918 mum
253 2842 450 2942 imperium
477 2843 557 2921 sine
581 2868 626 2920 eo
643 2843 796 2918 retineri
820 2853 955 2940 potest.
1007 2840 1184 2917 Quando·

129 2981 280 3054 cunque
309 2957 425 3053 igitur
448 2956 661 3054 apparuerit
685 2956 736 3047 id,
755 2956 855 3054 quod
878 2955 1098 3053 promissum
1115 2964 1183 3048 est,

135 3069 308 3169 praestari
325 3093 401 3144 non
416 3093 525 3168 posse
551 3070 653 3145 salvo
677 3094 814 3144 summo
841 3069 1012 3167 imperio,
1028 3069 1183 3166 promis-

131 3209 213 3258 sum
242 3206 312 3280 pro
340 3206 416 3258 non
441 3183 636 3280 promisso,
653 3181 693 3256 id
716 3193 785 3273 est,
813 3180 1015 3256 invalidum
1040 3183 1183 3258 censeri

129 3298 255 3378 debet.

184 3420 243 3486 18.
260 3408 430 3483 Vidimus
443 3433 516 3505 quo
529 3407 639 3484 modo
650 3409 748 3484 cives
758 3419 892 3488 nutura
909 3409 1072 3486 dictante
1089 3411 1182 3488 obli·
1194 3429 1282 3506 qubus
1291 3429 1361 3508 opus

127 3535 268 3623 garant
297 3547 336 3597 se
366 3523 504 3597 mutuis
534 3523 653 3620 pactis
687 3521 737 3596 ad
770 3521 1015 3597 obediendum
1043 3547 1180 3598 summo
1193 3496 1371 3605 llilllllr.

130 3637 303 3737 imperio.
355 3635 565 3712 Videndum
588 3659 699 3733 porro
727 3646 795 3726 est,
813 3636 1082 3732 quibusmodis
1098 3637 1180 3712 fieri

129 3761 266 3849 potest,
278 3761 321 3823 ut
338 3749 558 3824 obedientiae
568 3749 781 3845 hujusmodi
796 3749 951 3824 vinculis
963 3750 1177 3824 liberentur.

130 3866 254 3939 Primo
271 3872 395 3936 autem
416 3861 457 3934 id
482 3862 526 3935 fit
553 3860 805 3951 abdicatione,
823 3861 946 3952 idest,
964 3863 996 3937 si
1021 3863 1102 3959 quis
1109 3864 1179 3960 jus

131 3976 286 4076 imperii
302 3999 379 4050 non
397 3975 436 4048 in
454 3974 567 4048 alium
583 3974 772 4064 transfert,
790 3974 856 4048 sed
879 3975 1006 4070 abjicit
1023 3975 1099 4050 sive
1117 3976 1180 4050 de·

129 4089 330 4186 relinquit:
367 4111 454 4160 nam
484 4084 585 4182 quod
617 4085 799 4183 abjicitur,
830 4087 869 4160 in
896 4086 1057 4160 medium
1074 4111 1178 4186 aeque

130 4203 301 4278 omnibus
328 4199 545 4297 rapiendum
571 4199 785 4298 projicitur:
812 4201 911 4275 unde
936 4202 1071 4276 iterum
1094 4205 1178 4300 jure
