2834 4912
665 253 883 310 uincente.

410 773 456 823 md
475 771 565 822 LEGE
588 771 745 824 NATURAE
762 771 865 822 CIRCA
885 771 1132 832 CONTRACTUS.

250 899 276 958 1.
290 895 399 976 Legem
413 897 570 956 mtumlem
584 915 641 956 non
656 915 716 956 eene
727 915 897 956 conuentum
912 895 1069 969 homlnum,
1083 897 1133 956 red
1149 895 1303 956 dteumen

286 989 411 1050 rationis.
451 993 480 1050 1.
501 989 611 1068 Legem
634 997 744 1050 noturae
762 989 1005 1048 fundamentalem
1023 1009 1092 1060 eree,
1109 989 1300 1067 querendum

286 1101 346 1141 enee
357 1101 466 1159 paoem,
480 1081 503 1141 ei
518 1083 616 1142 heberi
630 1089 741 1158 poteet3
754 1081 777 1139 ei
792 1081 890 1140 heberi
904 1099 960 1140 non
975 1089 1078 1158 potent,
1088 1081 1301 1140 defensionem.

287 1177 315 1234 3.
329 1171 391 1232 Lex
406 1181 515 1231 nuturm
529 1173 659 1250 specialis
672 1173 773 1250 primu,
791 1172 839 1251 jus
860 1175 888 1231 in
910 1173 1007 1232 omnio
1020 1193 1077 1232 non
1095 1193 1156 1233 enee
1171 1173 1302 1232 retinen·

287 1265 365 1324 dnm.
396 1269 424 1325 4.
440 1265 517 1330 Quid
532 1263 625 1343 eitjne
638 1265 808 1342 relinquere,
823 1263 893 1342 quid
906 1263 1068 1323 trenel'erre.
1097 1271 1126 1326 5.
1140 1261 1190 1323 Ad
1204 1271 1302 1324 trone-

286 1355 421 1416 lotionem
427 1355 500 1434 juris
509 1357 696 1414 neceesarium
705 1373 765 1414 enee
776 1351 952 1414 voluntatem
961 1357 1144 1433 ecceptontle.
1159 1361 1189 1418 6.
1198 1357 1301 1416 Verbo

287 1467 345 1508 non
359 1447 535 1507 transierunt
544 1448 600 1526 jue,
615 1447 668 1506 olei
679 1447 714 1506 de
728 1448 870 1524 presenti.
890 1449 919 1512 7.
933 1447 1030 1506 Verbo
1040 1447 1076 1506 de
1086 1447 1195 1516 inturo,
1206 1447 1230 1507 el
1240 1447 1301 1508 ulio

287 1541 369 1618 cigno
388 1539 541 1598 voluntatis
563 1539 666 1608 adsint,
691 1539 782 1598 velere
806 1538 843 1598 od
862 1537 911 1616 jue
931 1537 1170 1598 transferendum.
1210 1543 1239 1600 8.
1260 1539 1296 1600 lr

287 1631 378 1691 libere
390 1630 554 1699 donatione,
569 1631 662 1690 verbis
676 1629 712 1689 de
726 1629 824 1689 lutnro
832 1629 882 1707 jue
896 1647 952 1688 non
967 1631 1076 1690 transit.
1109 1635 1139 1694 9.
1154 1631 1301 1692 Definitio

287 1731 452 1783 contuentur
462 1729 491 1782 et
500 1723 587 1800 pecti.
614 1725 661 1782 10.
672 1721 706 1780 ln
717 1723 807 1799 pactio
818 1723 920 1780 transit
925 1719 973 1800 jue
982 1741 1034 1800 per
1045 1723 1132 1782 verbo
1142 1723 1179 1782 de
1188 1723 1301 1784 loturo.

288 1817 333 1875 11.
348 1815 437 1874 Pecto
451 1822 558 1874 mutum
570 1813 638 1872 fidei
653 1813 680 1872 in
695 1819 771 1872 stetu
785 1823 895 1872 neturae
913 1813 1019 1874 lruotro
1032 1821 1061 1874 et
1075 1813 1200 1874 invalido
1213 1825 1301 1886 eunt;

287 1907 316 1966 in
331 1908 447 1966 civitate
461 1927 518 1966 non
533 1909 609 1966 item.
638 1909 684 1967 ln.
698 1905 809 1966 Pooieci
828 1924 894 1965 oum
909 1905 1010 1966 bellule
1029 1907 1172 1966 nominem
1193 1925 1300 1984 pome;

288 2017 393 2077 neque
408 2019 475 2060 cnm
499 1997 575 2068 Deo,
594 2000 655 2058 eine
679 1999 859 2059 revelatione
902 2003 948 2061 le.
969 1999 1072 2077 Neque
1092 1999 1157 2059 Deo
1181 2019 1300 2060 vovere

289 2095 337 2152 14.
357 2093 446 2153 Pecto
459 2092 535 2152 ultre
547 2109 690 2150 nummum
711 2100 846 2152 conatum
867 2111 925 2150 non
940 2091 1078 2168 obligent.
1121 2093 1168 2154 15.
1183 2093 1301 2158 Quibus

288 2181 381 2242 modio
394 2183 485 2260 pontio
503 2182 666 2242 liberemur.
709 2187 754 2245 16.
775 2183 918 2242 Promisso
931 2191 1009 2242 metu
1023 2181 1122 2241 mortis
1140 2189 1254 2242 extorto
1267 2183 1298 2242 in

289 2279 365 2332 stetu
379 2282 488 2333 notnrae
502 2272 595 2333 valide
613 2293 683 2333 eree.
725 2275 771 2338 17.
792 2273 913 2334 Peotum
927 2275 1067 2351 posteriue
1081 2273 1171 2351 priori
1184 2283 1300 2333 contre·

289 2363 451 2436 dicterium,
464 2365 621 2424 invalidum
634 2373 685 2424 eet.
726 2369 772 2426 18.
786 2365 907 2425 Poetnm
926 2365 961 2423 dc
978 2383 1034 2424 non
1055 2364 1212 2424 resistendo
1227 2363 1299 2424 inle-

289 2457 362 2516 renti
377 2457 514 2516 domnum
528 2459 662 2535 eorporis,
677 2457 833 2516 invalidum
847 2465 898 2517 ent.
922 2461 967 2520 19.
982 2455 1104 2516 Pontum
1117 2455 1154 2515 de
1167 2475 1199 2515 oe
1212 2477 1300 2516 eccu-

288 2548 378 2607 tendo
400 2547 557 2607 invalidum
580 2555 632 2608 eet.
668 2551 717 2608 20.
736 2547 928 2626 Juriejurondi
951 2547 1088 2606 delinitio.
1137 2550 1186 2608 nl.
1200 2547 1299 2626 Jueju·

290 2639 412 2700 rendum
423 2638 644 2718 concipiendum
655 2659 716 2700 esee
731 2659 765 2699 ee
776 2639 907 2708 formula,
918 2658 976 2718 que
986 2639 1110 2698 utitnrin
1123 2639 1174 2718 qni
1183 2639 1300 2716 occipit.

290 2737 338 2794 11.
355 2732 561 2812 Juejnrendnm
576 2731 645 2790 nihil
659 2730 824 2810 superaddit
837 2731 1014 2808 obligationi,
1028 2749 1093 2808 qum
1102 2739 1146 2788 eet
1156 2749 1192 2790 ex
1203 2739 1298 2808 pecto.

291 2831 339 2886 28.
352 2825 554 2886 duramentum
565 2843 622 2882 non
633 2823 815 2900 exigendum,
829 2823 882 2882 nisi
897 2821 947 2882 ubi
957 2829 1109 2900 pectorum
1122 2821 1239 2882 violetio
1254 2821 1300 2882 vel

291 2917 379 2977 latere
392 2924 495 2994 potent,
508 2915 554 2976 rel
567 2935 624 2976 non
639 2922 733 2993 potent
745 2915 840 2992 puniri
855 2915 908 2973 nisi
922 2933 939 2974 o
953 2914 1027 2973 Deo.

52 3071 150 3121 enon.
170 3069 223 3120 ur.
258 3057 288 3124 1.
315 3049 375 3124 Du
395 3047 608 3122 definitione
632 3045 732 3145 legio
752 3045 943 3120 naturalis
965 3069 1040 3120 non
1062 3045 1299 3120 consentiunt

67 3147 211 3253 s-ss—-a
254 3185 302 3236 eu
302 3161 438 3252 thoree,
473 3160 534 3258 qui
569 3185 612 3234 cu
645 3183 736 3234 voce
769 3158 1061 3256 frequentissime
1100 3169 1226 3233 tumen
1259 3159 1296 3234 in

42 3287 218 3344 luncuernet*
254 3275 368 3372 script
369 3275 399 3348 ie
418 3273 491 3347 nnis
509 3273 564 3347 nsi
583 3281 679 3347 nunt.
725 3271 925 3347 Methodus
943 3271 1094 3364 scilicet,
1114 3297 1189 3402 quo
1211 3273 1299 3347 inci-

40 3351 149 3461 101”..ἷῖ.””
150 3363 218 3460 ,li
253 3388 354 3518 pitur
371 3415 394 3463 u
411 3385 746 3460 definitionibuet
708 3394 746 3459 et
770 3383 980 3460 exclusione
1002 3383 1196 3482 equivoci,
1214 3408 1297 3484 pro-

41 3481 149 3592 ,ξξξξξἲ
142 3479 227 3590 'ilfi'
253 3501 334 3600 prio
359 3523 486 3575 comm
512 3499 653 3595 estqui
680 3499 802 3572 locum
829 3509 958 3572 contro
984 3497 1197 3595 disputandi
1225 3523 1296 3574 non

254 3614 479 3710 relinquunt.
532 3610 803 3686 Oaeterorum
776 3635 806 3684 er
825 3613 905 3710 quis
930 3609 1020 3710 quid
1042 3613 1183 3685 fectum
1202 3611 1297 3686 dicet

256 3739 387 3803 contro
408 3727 527 3824 legem
550 3726 767 3816 naturalem,
792 3751 837 3798 ex
860 3751 904 3801 eo
927 3725 1183 3824 probatianus,
1203 3725 1296 3824 quod

256 3853 385 3917 contro
402 3863 619 3915 eonsensum
635 3839 774 3914 iactum
789 3841 838 3914 sit
851 3839 1015 3914 omniurn
1032 3839 1090 3913 vel
1108 3839 1297 3938 sapientie-

257 3954 431 4029 eimnrum
447 3953 505 4028 vel
524 3952 851 4028 eruditissimorum
869 3953 1056 4051 gentium
1079 3953 1161 4051 quie
1179 3966 1297 4028 entem

256 4067 301 4142 de
312 4066 501 4166 sapientie,
513 4065 729 4156 eruditione,
741 4079 777 4141 et
788 4067 950 4141 moribus
961 4065 1123 4140 omnium
1136 4067 1295 4164 gentium

252 4179 444 4276 judicabit,
462 4179 500 4254 id
523 4179 672 4254 minime
691 4179 818 4254 (lucetz
846 4179 949 4270 elius,
969 4179 1066 4276 quod
1087 4179 1227 4254 loetum
1252 4177 1297 4252 eit
