2912 4912
187 264 254 329 146
481 265 713 324 .ΡΒΕΕΔΤΙΟ
733 264 786 316 AD
806 259 1026 316 LECTORES.

180 481 251 556 sim
274 477 497 576 inspiciatur,
521 473 606 562 sciri
629 494 705 546 non
727 476 869 566 potest:
895 465 948 539 ita
971 463 1011 538 in
1035 463 1118 559 jure
1144 459 1301 536 civitatis

178 631 388 727 civiumque
412 623 538 701 officiis
562 616 833 715 investigandis,
858 637 949 711 opus
972 623 1039 703 eat,
1057 634 1132 685 uon
1157 607 1304 708 quidem

179 796 228 860 ut
244 780 459 884 dissolvatur
475 772 612 863 cintus,
630 769 696 846 sed
718 779 841 842 tamen
864 775 907 839 ut
931 773 1105 859 tanquam
1130 757 1306 834 dissoluta

180 930 447 1017 consideretur,
461 924 501 999 id
516 931 581 1013 est,
594 931 639 998 ut
654 916 768 1016 qualis
782 915 832 996 sit
848 925 979 988 natura
990 911 1161 998 humana,
1175 906 1305 1003 quibus

182 1089 294 1164 rebus
311 1083 358 1160 ad
374 1078 557 1156 civitatem
581 1066 905 1168 compaginandam
930 1071 1016 1160 apta
1030 1060 1090 1135 vel
1105 1058 1232 1154 inepta
1247 1056 1306 1144 sit,

186 1250 226 1314 'et
243 1233 422 1336 quomodo
439 1229 601 1305 homines
616 1225 712 1298 inter
727 1244 765 1295 se
783 1214 951 1314 componi
970 1212 1127 1286 debeant
1144 1208 1208 1305 qui
1225 1231 1308 1282 coa-

71 1389 77 1402 '
175 1392 323 1466 iescam
339 1386 476 1472 volunt,
488 1388 587 1456 recte
597 1371 832 1469 intelligatur.
856 1365 981 1460 Talem
994 1385 1082 1458 ergo
1096 1355 1309 1432 methodum

183 1551 346 1629 'secunus
370 1557 479 1634 pono,
501 1528 618 1627 primo
642 1525 734 1611 loca,
758 1542 825 1617 pro
850 1511 1027 1613 principio
1053 1508 1221 1592 omnibus
1244 1529 1310 1603 per

76 1661 81 1670 .
182 1687 451 1793 «experientium
466 1691 566 1770 noto,
583 1675 751 1776 quodque
774 1692 881 1744 nemo
898 1676 955 1740 est
979 1661 1042 1760 qui
1066 1684 1141 1735 non
1158 1659 1310 1734 confite·

181 1856 285 1934 atur,
301 1838 483 1924 mmmm,
496 1827 643 1928 ingenia
653 1821 842 1906 hominum
854 1812 1031 1914 ejusmodi
1044 1833 1121 1884 esse
1133 1833 1157 1884 a
1167 1818 1310 1896 natura,

191 2005 236 2070 ut
258 1991 329 2067 nisi
352 1999 454 2064 matu
476 1979 648 2081 potentia
672 1972 822 2067 aiicujus
839 1963 1039 2042 communis
1063 1969 1311 2047 coerceantur,

185 2145 283 2236 iore,
299 2155 343 2216 ut
359 2137 428 2216 sibi
442 2134 596 2210 invicem
613 2123 778 2200 diffidant
795 2128 833 2192 et
849 2139 926 2190 sese
941 2124 1068 2188 mutuo
1081 2119 1261 2199 metuant,
1278 2117 1313 2182 at

195 2308 238 2371 ut
252 2289 408 2393 propriis
423 2284 558 2360 vin'bus
575 2273 706 2372 singuli
723 2269 791 2345 sibi
808 2287 935 2341 cavere
957 2285 1041 2338 cum
1061 2263 1144 2358 jure
1160 2259 1312 2356 possint,

196 2457 276 2521 tum
290 2435 493 2517 necessario
508 2429 634 2507 velint.
659 2417 847 2519 Objioietis
864 2416 1016 2489 fortasse
1032 2409 1227 2494 nonnullos
1245 2408 1314 2482 hoc

197 2617 342 2694 negare.
376 2591 434 2664 Ito
448 2606 535 2660 vero
551 2588 628 2661 est;
645 2567 815 2671 permulti
831 2564 928 2638 enim
948 2570 1095 2657 negant.
1130 2559 1315 2633 Numnam

198 2748 322 2846 igitur,
340 2739 402 2838 qui
418 2735 563 2811 eosdem
578 2727 675 2802 idem
689 2731 726 2796 et
741 2717 849 2794 fateri
865 2723 903 2788 et
918 2735 1051 2809 negare
1064 2709 1161 2800 dico,
1172 2731 1316 2782 mecum

199 2899 276 2996 ipse
292 2887 440 2991 pugno?
466 2882 618 2958 Minima
635 2871 781 2973 quidem
798 2890 877 2963 ego,
895 2862 961 2938 sed
975 2861 1040 2952 illi,
1057 2860 1131 2957 qui,
1144 2857 1245 2954 quod
1261 2881 1318 2932 ae-

191 3042 360 3121 ·tionibus
373 3034 602 3116 confitentur,
614 3023 654 3098 id
664 3019 782 3118 ipsum
795 3013 960 3090 oratione
971 3021 1118 3106 negant.
1144 3008 1318 3082 Videmus

189 3193 368 3270 civitates
379 3206 513 3271 omnes,
525 3174 665 3252 etiamsi
678 3165 897 3246 cumvieinis
908 3185 1034 3268 pacem
1047 3161 1218 3248 habeant,
1228 3160 1319 3232 fines

145 3431 148 3438 ,
201 3353 325 3418 tamur
348 3357 431 3412 suos
454 3324 631 3428 praesidiis
654 3319 821 3406 militum,
845 3313 953 3387 urbes
976 3308 1168 3398 moenibus,
1192 3305 1319 3404 portis,

203 3483 453 3590 vigiliistueri.
480 3481 662 3556 Quorsum
673 3472 765 3557 haec,
778 3459 982 3540 siavicinis
993 3457 1085 3532 nihil
1097 3453 1319 3532 metuerent?

204 3642 377 3719 Vldemus
387 3635 496 3710 etiam
504 3629 544 3703 in
553 3624 640 3723 ipsis
653 3615 869 3704 civitatibus,
877 3610 941 3685 ubi
949 3610 1049 3706 leges
1059 3617 1145 3683 srmt
1155 3613 1193 3680 et
1202 3625 1321 3701 poenae

194 3796 244 3871 in
267 3791 382 3866 malos
407 3781 624 3865 constitutae,
650 3772 745 3846 cives
768 3778 891 3840 tamen
916 3758 1115 3857 singulares
1139 3776 1259 3850 neque
1283 3751 1322 3827 in

206 3949 336 4024 itinere
351 3963 428 4016 ense
444 3934 521 4010 sinc
537 3929 611 4006 telo
624 3922 680 3999 sui
696 3914 913 3994 defendendi
925 3933 1045 4000 causa,
1056 3927 1174 4002 neque
1187 3901 1323 3977 dormi-

196 4109 287 4173 ·tum
302 4093 355 4167 ire
367 4086 439 4163 nisi
451 4077 624 4158 obseratis
637 4096 712 4148 non
723 4067 831 4144 modo
848 4063 986 4139 foribus
999 4065 1127 4133 contra
1143 4050 1323 4140 concives,

208 4245 274 4322 sed
284 4241 393 4318 etiam
405 4224 731 4327 noscendisque
741 4208 1104 4294 contradomesticos.
1135 4198 1326 4278 Possintuc
