<?xml version="1.0" encoding="UTF-8"?>
<!DOCTYPE html PUBLIC "-//W3C//DTD XHTML 1.0 Transitional//EN"
    "http://www.w3.org/TR/xhtml1/DTD/xhtml1-transitional.dtd">
<html xmlns="http://www.w3.org/1999/xhtml" xml:lang="en" lang="en">
 <head>
  <title>
</title>
<meta http-equiv="Content-Type" content="text/html;charset=utf-8" />
  <meta name='ocr-system' content='tesseract 3.04.00' />
  <meta name='ocr-capabilities' content='ocr_page ocr_carea ocr_par ocr_line ocrx_word'/>
</head>
<body>
  <div class='ocr_page' id='page_1' title='image "./thomhobbesmalme09hobbgoog_0049.png"; bbox 0 0 2896 4914; ppageno 0'>
   <div class='ocr_carea' id='block_1_1' title="bbox 294 311 934 379">
    <p class='ocr_par' dir='ltr' id='par_1_1' title="bbox 294 311 934 379">
     <span class='ocr_line' id='line_1_1' title="bbox 294 311 934 379; baseline -0.002 -1"><span class='ocrx_word' id='word_1_1' title='bbox 294 311 339 379; x_wconf 75' lang='lat' dir='ltr'>at</span> <span class='ocrx_word' id='word_1_2' title='bbox 679 324 732 379; x_wconf 84' lang='lat' dir='ltr'>na</span> <span class='ocrx_word' id='word_1_3' title='bbox 752 319 934 378; x_wconf 76' lang='lat' dir='ltr'>nontam</span> 
     </span>
    </p>
   </div>
   <div class='ocr_carea' id='block_1_2' title="bbox 83 487 1445 2526">
    <p class='ocr_par' dir='ltr' id='par_1_2' title="bbox 83 487 1445 2526">
     <span class='ocr_line' id='line_1_2' title="bbox 104 487 1336 588; baseline -0.002 -24"><span class='ocrx_word' id='word_1_4' title='bbox 104 487 201 574; x_wconf 68' lang='lat' dir='ltr'>snm,</span> <span class='ocrx_word' id='word_1_5' title='bbox 221 524 258 574; x_wconf 73' lang='lat' dir='ltr'>u.</span> <span class='ocrx_word' id='word_1_6' title='bbox 295 491 479 583; x_wconf 72' lang='lat' dir='ltr'>(secunde</span> <span class='ocrx_word' id='word_1_7' title='bbox 503 488 646 588; x_wconf 77' lang='lat' dir='ltr'>figurae)</span> <span class='ocrx_word' id='word_1_8' title='bbox 661 492 814 588; x_wconf 75' lang='lat' dir='ltr'>trapezii</span> <span class='ocrx_word' id='word_1_9' title='bbox 839 492 936 566; x_wconf 87' lang='lat' dir='ltr'>linea</span> <span class='ocrx_word' id='word_1_10' title='bbox 962 490 1168 587; x_wconf 71' lang='lat' dir='ltr'>diagonalis</span> <span class='ocrx_word' id='word_1_11' title='bbox 1197 510 1336 586; x_wconf 87' lang='lat' dir='ltr'>reprae-</span> 
     </span>
     <span class='ocr_line' id='line_1_3' title="bbox 84 602 1337 706; baseline -0.002 -28"><span class='ocrx_word' id='word_1_12' title='bbox 84 602 249 706; x_wconf 39' lang='grc' dir='ltr'>,ᾗ</span> <span class='ocrx_word' id='word_1_13' title='bbox 298 606 458 680; x_wconf 82' lang='lat' dir='ltr'>sentabit</span> <span class='ocrx_word' id='word_1_14' title='bbox 483 605 559 679; x_wconf 84' lang='lat' dir='ltr'>Ac</span> <span class='ocrx_word' id='word_1_15' title='bbox 584 603 815 703; x_wconf 78' lang='lat' dir='ltr'>diagonalem</span> <span class='ocrx_word' id='word_1_16' title='bbox 841 607 970 702; x_wconf 73' lang='lat' dir='ltr'>ligium</span> <span class='ocrx_word' id='word_1_17' title='bbox 996 605 1138 702; x_wconf 87' lang='lat' dir='ltr'>primae.</span> <span class='ocrx_word' id='word_1_18' title='bbox 1190 603 1337 678; x_wconf 83' lang='lat' dir='ltr'>Deinde</span> 
     </span>
     <span class='ocr_line' id='line_1_4' title="bbox 84 717 1338 817; baseline -0.007 -18"><span class='ocrx_word' id='word_1_19' title='bbox 84 740 216 799; x_wconf 76' lang='lat' dir='ltr'>Troezium</span> <span class='ocrx_word' id='word_1_20' title='bbox 297 717 414 794; x_wconf 82' lang='lat' dir='ltr'>divisa</span> <span class='ocrx_word' id='word_1_21' title='bbox 439 719 516 794; x_wconf 87' lang='lat' dir='ltr'>AB</span> <span class='ocrx_word' id='word_1_22' title='bbox 543 718 729 815; x_wconf 71' lang='lat' dir='ltr'>(memte</span> <span class='ocrx_word' id='word_1_23' title='bbox 755 720 899 817; x_wconf 69' lang='lat' dir='ltr'>figurae)</span> <span class='ocrx_word' id='word_1_24' title='bbox 932 721 972 793; x_wconf 91' lang='lat' dir='ltr'>in</span> <span class='ocrx_word' id='word_1_25' title='bbox 1001 730 1124 816; x_wconf 78' lang='lat' dir='ltr'>partas</span> <span class='ocrx_word' id='word_1_26' title='bbox 1151 718 1338 815; x_wconf 74' lang='lat' dir='ltr'>quotlibet</span> 
     </span>
     <span class='ocr_line' id='line_1_5' title="bbox 84 807 1335 930; baseline -0.008 -16"><span class='ocrx_word' id='word_1_27' title='bbox 84 807 274 927; x_wconf 47' lang='lat' dir='ltr'>midi?</span> <span class='ocrx_word' id='word_1_28' title='bbox 298 829 469 930; x_wconf 77' lang='lat' dir='ltr'>aquales,</span> <span class='ocrx_word' id='word_1_29' title='bbox 486 847 579 930; x_wconf 89' lang='lat' dir='ltr'>puta</span> <span class='ocrx_word' id='word_1_30' title='bbox 595 843 765 930; x_wconf 81' lang='lat' dir='ltr'>quatuor,</span> <span class='ocrx_word' id='word_1_31' title='bbox 783 853 940 930; x_wconf 78' lang='lat' dir='ltr'>quarum</span> <span class='ocrx_word' id='word_1_32' title='bbox 957 831 1040 906; x_wconf 85' lang='lat' dir='ltr'>duae</span> <span class='ocrx_word' id='word_1_33' title='bbox 1057 832 1132 906; x_wconf 89' lang='lat' dir='ltr'>sint</span> <span class='ocrx_word' id='word_1_34' title='bbox 1149 831 1230 922; x_wconf 86' lang='lat' dir='ltr'>GS,</span> <span class='ocrx_word' id='word_1_35' title='bbox 1251 832 1277 904; x_wconf 90' lang='lat' dir='ltr'>S</span> <span class='ocrx_word' id='word_1_36' title='bbox 1292 833 1335 922; x_wconf 91' lang='lat' dir='ltr'>B,</span> 
     </span>
     <span class='ocr_line' id='line_1_6' title="bbox 83 935 1337 1044; baseline -0.002 -23"><span class='ocrx_word' id='word_1_37' title='bbox 83 935 276 994; x_wconf 50' lang='lat' dir='ltr'>mmm</span> <span class='ocrx_word' id='word_1_38' title='bbox 296 958 335 1021; x_wconf 90' lang='lat' dir='ltr'>et</span> <span class='ocrx_word' id='word_1_39' title='bbox 354 947 431 1021; x_wconf 80' lang='lat' dir='ltr'>Dc</span> <span class='ocrx_word' id='word_1_40' title='bbox 447 947 487 1020; x_wconf 87' lang='lat' dir='ltr'>in</span> <span class='ocrx_word' id='word_1_41' title='bbox 514 947 669 1021; x_wconf 87' lang='lat' dir='ltr'>totidem</span> <span class='ocrx_word' id='word_1_42' title='bbox 696 957 820 1044; x_wconf 86' lang='lat' dir='ltr'>partes</span> <span class='ocrx_word' id='word_1_43' title='bbox 848 943 962 1021; x_wconf 83' lang='lat' dir='ltr'>etiam</span> <span class='ocrx_word' id='word_1_44' title='bbox 989 946 1158 1043; x_wconf 72' lang='lat' dir='ltr'>aequaieS,</span> <span class='ocrx_word' id='word_1_45' title='bbox 1177 969 1337 1041; x_wconf 89' lang='lat' dir='ltr'>quarum</span> 
     </span>
     <span class='ocr_line' id='line_1_7' title="bbox 296 1057 1337 1158; baseline -0.002 -24"><span class='ocrx_word' id='word_1_46' title='bbox 296 1061 379 1136; x_wconf 83' lang='lat' dir='ltr'>duae</span> <span class='ocrx_word' id='word_1_47' title='bbox 396 1061 470 1135; x_wconf 87' lang='lat' dir='ltr'>sint</span> <span class='ocrx_word' id='word_1_48' title='bbox 487 1061 505 1134; x_wconf 93' lang='lat' dir='ltr'>l</span> <span class='ocrx_word' id='word_1_49' title='bbox 519 1061 569 1152; x_wconf 91' lang='lat' dir='ltr'>H,</span> <span class='ocrx_word' id='word_1_50' title='bbox 588 1062 625 1134; x_wconf 87' lang='lat' dir='ltr'><em>H</em></span> <span class='ocrx_word' id='word_1_51' title='bbox 640 1061 681 1151; x_wconf 75' lang='grc'>0,</span> <span class='ocrx_word' id='word_1_52' title='bbox 694 1072 733 1135; x_wconf 85' lang='lat' dir='ltr'>et</span> <span class='ocrx_word' id='word_1_53' title='bbox 746 1059 953 1158; x_wconf 77' lang='lat' dir='ltr'>conjunctis</span> <span class='ocrx_word' id='word_1_54' title='bbox 966 1059 1131 1133; x_wconf 85' lang='lat' dir='ltr'>terminis</span> <span class='ocrx_word' id='word_1_55' title='bbox 1144 1057 1337 1132; x_wconf 88' lang='lat' dir='ltr'>divisionis</span> 
     </span>
     <span class='ocr_line' id='line_1_8' title="bbox 293 1173 1338 1273; baseline -0.004 -23"><span class='ocrx_word' id='word_1_56' title='bbox 293 1199 362 1273; x_wconf 89' lang='lat' dir='ltr'>par</span> <span class='ocrx_word' id='word_1_57' title='bbox 389 1175 503 1249; x_wconf 86' lang='lat' dir='ltr'>lineas</span> <span class='ocrx_word' id='word_1_58' title='bbox 529 1187 661 1268; x_wconf 84' lang='lat' dir='ltr'>reatos,</span> <span class='ocrx_word' id='word_1_59' title='bbox 680 1191 733 1250; x_wconf 74' lang='lat' dir='ltr'>eae</span> <span class='ocrx_word' id='word_1_60' title='bbox 757 1187 871 1250; x_wconf 75' lang='lat' dir='ltr'>reeta</span> <span class='ocrx_word' id='word_1_61' title='bbox 898 1175 1076 1250; x_wconf 88' lang='lat' dir='ltr'>seoabunt</span> <span class='ocrx_word' id='word_1_62' title='bbox 1102 1173 1338 1270; x_wconf 78' lang='lat' dir='ltr'>diagonalem</span> 
     </span>
     <span class='ocr_line' id='line_1_9' title="bbox 294 1284 1339 1384; baseline -0.002 -22"><span class='ocrx_word' id='word_1_63' title='bbox 294 1288 381 1362; x_wconf 54' lang='grc' dir='ltr'>ΑΟ,</span> <span class='ocrx_word' id='word_1_64' title='bbox 433 1289 502 1362; x_wconf 91' lang='lat' dir='ltr'>Per</span> <span class='ocrx_word' id='word_1_65' title='bbox 530 1297 668 1384; x_wconf 80' lang='lat' dir='ltr'>puncta</span> <span class='ocrx_word' id='word_1_66' title='bbox 691 1299 817 1362; x_wconf 88' lang='lat' dir='ltr'>autem</span> <span class='ocrx_word' id='word_1_67' title='bbox 833 1287 1135 1362; x_wconf 75' lang='lat' dir='ltr'>intersectiomm</span> <span class='ocrx_word' id='word_1_68' title='bbox 1152 1284 1339 1360; x_wconf 83' lang='lat' dir='ltr'>ducantur</span> 
     </span>
     <span class='ocr_line' id='line_1_10' title="bbox 294 1400 1339 1498; baseline 0 -24"><span class='ocrx_word' id='word_1_69' title='bbox 294 1413 407 1475; x_wconf 81' lang='lat' dir='ltr'>reetae</span> <span class='ocrx_word' id='word_1_70' title='bbox 436 1402 527 1492; x_wconf 72' lang='lat' dir='ltr'>aa,</span> <span class='ocrx_word' id='word_1_71' title='bbox 550 1402 638 1491; x_wconf 88' lang='grc' dir='ltr'>ΟΡ,</span> <span class='ocrx_word' id='word_1_72' title='bbox 662 1401 702 1476; x_wconf 89' lang='grc' dir='ltr'><strong><em>Μ</em></strong></span> <span class='ocrx_word' id='word_1_73' title='bbox 715 1402 750 1474; x_wconf 94' lang='grc' dir='ltr'><strong>Ν</strong></span> <span class='ocrx_word' id='word_1_74' title='bbox 777 1401 925 1474; x_wconf 79' lang='lat' dir='ltr'>basibus</span> <span class='ocrx_word' id='word_1_75' title='bbox 951 1400 1146 1498; x_wconf 89' lang='lat' dir='ltr'>parallelae.</span> <span class='ocrx_word' id='word_1_76' title='bbox 1203 1401 1339 1496; x_wconf 87' lang='lat' dir='ltr'>ltaque</span> 
     </span>
     <span class='ocr_line' id='line_1_11' title="bbox 296 1514 1338 1612; baseline 0 -24"><span class='ocrx_word' id='word_1_77' title='bbox 296 1514 449 1591; x_wconf 74' lang='lat' dir='ltr'><strong>AQRB</strong></span> <span class='ocrx_word' id='word_1_78' title='bbox 469 1515 674 1612; x_wconf 80' lang='lat' dir='ltr'>trapezium</span> <span class='ocrx_word' id='word_1_79' title='bbox 686 1515 965 1611; x_wconf 82' lang='lat' dir='ltr'>repraesentabit</span> <span class='ocrx_word' id='word_1_80' title='bbox 976 1514 1338 1612; x_wconf 64' lang='lat' dir='ltr'>recanguumnm</span> 
     </span>
     <span class='ocr_line' id='line_1_12' title="bbox 296 1625 1339 1727; baseline -0.001 -25"><span class='ocrx_word' id='word_1_81' title='bbox 296 1638 334 1702; x_wconf 89' lang='lat' dir='ltr'>at</span> <span class='ocrx_word' id='word_1_82' title='bbox 351 1629 557 1727; x_wconf 82' lang='lat' dir='ltr'>trapezium</span> <span class='ocrx_word' id='word_1_83' title='bbox 574 1627 656 1705; x_wconf 74' lang='lat'>00</span> <span class='ocrx_word' id='word_1_84' title='bbox 671 1625 744 1703; x_wconf 84' lang='lat' dir='ltr'>PR</span> <span class='ocrx_word' id='word_1_85' title='bbox 759 1629 1015 1726; x_wconf 80' lang='lat' dir='ltr'>motanguium</span> <span class='ocrx_word' id='word_1_86' title='bbox 1030 1629 1066 1703; x_wconf 76' lang='lat' dir='ltr'>Q</span> <span class='ocrx_word' id='word_1_87' title='bbox 1079 1629 1107 1702; x_wconf 89' lang='lat' dir='ltr'>P</span> <span class='ocrx_word' id='word_1_88' title='bbox 1121 1656 1130 1715; x_wconf 75' lang='lat' dir='ltr'>t</span> <span class='ocrx_word' id='word_1_89' title='bbox 1157 1639 1196 1701; x_wconf 89' lang='lat' dir='ltr'>et</span> <span class='ocrx_word' id='word_1_90' title='bbox 1213 1640 1339 1727; x_wconf 85' lang='lat' dir='ltr'>trape-</span> 
     </span>
     <span class='ocr_line' id='line_1_13' title="bbox 296 1743 1339 1842; baseline 0.002 -26"><span class='ocrx_word' id='word_1_91' title='bbox 296 1743 393 1817; x_wconf 88' lang='lat' dir='ltr'>zium</span> <span class='ocrx_word' id='word_1_92' title='bbox 411 1745 492 1819; x_wconf 92' lang='grc' dir='ltr'>ΟΝ</span> <span class='ocrx_word' id='word_1_93' title='bbox 509 1744 810 1842; x_wconf 84' lang='lat' dir='ltr'>rectangulumO</span> <span class='ocrx_word' id='word_1_94' title='bbox 825 1744 883 1829; x_wconf 92' lang='lat' dir='ltr'>N;</span> <span class='ocrx_word' id='word_1_95' title='bbox 909 1756 947 1818; x_wconf 91' lang='lat' dir='ltr'>et</span> <span class='ocrx_word' id='word_1_96' title='bbox 960 1744 1117 1841; x_wconf 89' lang='lat' dir='ltr'>denique</span> <span class='ocrx_word' id='word_1_97' title='bbox 1130 1745 1339 1840; x_wconf 77' lang='lat' dir='ltr'>trapezium</span> 
     </span>
     <span class='ocr_line' id='line_1_14' title="bbox 296 1857 1337 1957; baseline -0.001 -25"><span class='ocrx_word' id='word_1_98' title='bbox 296 1857 381 1933; x_wconf 81' lang='lat' dir='ltr'>MC</span> <span class='ocrx_word' id='word_1_99' title='bbox 398 1860 654 1957; x_wconf 84' lang='lat' dir='ltr'>reatangulum</span> <span class='ocrx_word' id='word_1_100' title='bbox 670 1857 712 1932; x_wconf 94' lang='lat' dir='ltr'>M</span> <span class='ocrx_word' id='word_1_101' title='bbox 723 1859 766 1933; x_wconf 70' lang='lat' dir='ltr'>(l</span> <span class='ocrx_word' id='word_1_102' title='bbox 805 1859 902 1932; x_wconf 85' lang='lat' dir='ltr'>Nam</span> <span class='ocrx_word' id='word_1_103' title='bbox 920 1859 1015 1932; x_wconf 85' lang='lat' dir='ltr'>siout</span> <span class='ocrx_word' id='word_1_104' title='bbox 1032 1858 1109 1931; x_wconf 88' lang='lat' dir='ltr'>AC</span> <span class='ocrx_word' id='word_1_105' title='bbox 1128 1868 1231 1931; x_wconf 81' lang='lat' dir='ltr'>secat</span> <span class='ocrx_word' id='word_1_106' title='bbox 1246 1859 1288 1931; x_wconf 95' lang='lat' dir='ltr'>M</span> <span class='ocrx_word' id='word_1_107' title='bbox 1300 1859 1337 1931; x_wconf 95' lang='lat' dir='ltr'>N</span> 
     </span>
     <span class='ocr_line' id='line_1_15' title="bbox 299 1972 1337 2070; baseline 0.001 -25"><span class='ocrx_word' id='word_1_108' title='bbox 299 1973 444 2069; x_wconf 75' lang='lat' dir='ltr'>(figurae</span> <span class='ocrx_word' id='word_1_109' title='bbox 460 1973 604 2070; x_wconf 77' lang='lat' dir='ltr'>prima)</span> <span class='ocrx_word' id='word_1_110' title='bbox 633 1973 673 2046; x_wconf 93' lang='lat' dir='ltr'>in</span> <span class='ocrx_word' id='word_1_111' title='bbox 690 1984 812 2069; x_wconf 86' lang='lat' dir='ltr'>partes</span> <span class='ocrx_word' id='word_1_112' title='bbox 838 1995 921 2069; x_wconf 90' lang='lat' dir='ltr'>quae</span> <span class='ocrx_word' id='word_1_113' title='bbox 947 1972 1086 2046; x_wconf 89' lang='lat' dir='ltr'>habent</span> <span class='ocrx_word' id='word_1_114' title='bbox 1111 1973 1337 2046; x_wconf 82' lang='lat' dir='ltr'>rationema</span> 
     </span>
     <span class='ocr_line' id='line_1_16' title="bbox 295 2085 1445 2185; baseline 0 -26"><span class='ocrx_word' id='word_1_115' title='bbox 295 2085 344 2159; x_wconf 90' lang='lat' dir='ltr'>ad</span> <span class='ocrx_word' id='word_1_116' title='bbox 365 2096 397 2176; x_wconf 90' lang='grc'>1,</span> <span class='ocrx_word' id='word_1_117' title='bbox 414 2087 555 2161; x_wconf 75' lang='lat' dir='ltr'>itanc</span> <span class='ocrx_word' id='word_1_118' title='bbox 575 2087 762 2184; x_wconf 77' lang='lat' dir='ltr'>(secunda</span> <span class='ocrx_word' id='word_1_119' title='bbox 778 2087 922 2185; x_wconf 77' lang='lat' dir='ltr'>figura)</span> <span class='ocrx_word' id='word_1_120' title='bbox 937 2098 1039 2162; x_wconf 84' lang='lat' dir='ltr'>secat</span> <span class='ocrx_word' id='word_1_121' title='bbox 1051 2087 1092 2158; x_wconf 93' lang='lat' dir='ltr'>M</span> <span class='ocrx_word' id='word_1_122' title='bbox 1103 2087 1139 2159; x_wconf 91' lang='lat' dir='ltr'>N</span> <span class='ocrx_word' id='word_1_123' title='bbox 1153 2086 1193 2160; x_wconf 93' lang='lat' dir='ltr'>in</span> <span class='ocrx_word' id='word_1_124' title='bbox 1206 2087 1339 2160; x_wconf 88' lang='lat' dir='ltr'>eadem</span> <span class='ocrx_word' id='word_1_125' title='bbox 1444 2113 1445 2122; x_wconf 46' lang='lat'>¹</span> 
     </span>
     <span class='ocr_line' id='line_1_17' title="bbox 296 2199 1340 2297; baseline 0.001 -25"><span class='ocrx_word' id='word_1_126' title='bbox 296 2201 417 2297; x_wconf 78' lang='lat' dir='ltr'>figura</span> <span class='ocrx_word' id='word_1_127' title='bbox 428 2202 468 2274; x_wconf 93' lang='lat' dir='ltr'>in</span> <span class='ocrx_word' id='word_1_128' title='bbox 480 2202 625 2276; x_wconf 84' lang='lat' dir='ltr'>ratione</span> <span class='ocrx_word' id='word_1_129' title='bbox 643 2211 666 2276; x_wconf 81' lang='grc'><strong>3</strong></span> <span class='ocrx_word' id='word_1_130' title='bbox 684 2201 731 2275; x_wconf 91' lang='lat' dir='ltr'>ad</span> <span class='ocrx_word' id='word_1_131' title='bbox 753 2211 784 2274; x_wconf 59' lang='lat'>1„</span> <span class='ocrx_word' id='word_1_132' title='bbox 827 2202 875 2274; x_wconf 86' lang='lat' dir='ltr'>Et</span> <span class='ocrx_word' id='word_1_133' title='bbox 892 2200 944 2274; x_wconf 88' lang='lat' dir='ltr'>sic</span> <span class='ocrx_word' id='word_1_134' title='bbox 961 2199 1008 2273; x_wconf 89' lang='lat' dir='ltr'>de</span> <span class='ocrx_word' id='word_1_135' title='bbox 1025 2199 1178 2273; x_wconf 82' lang='lat' dir='ltr'>caeteris.</span> <span class='ocrx_word' id='word_1_136' title='bbox 1226 2199 1340 2275; x_wconf 77' lang='lat' dir='ltr'>Quod</span> 
     </span>
     <span class='ocr_line' id='line_1_18' title="bbox 301 2313 1340 2410; baseline 0.001 -23"><span class='ocrx_word' id='word_1_137' title='bbox 301 2313 332 2387; x_wconf 90' lang='lat' dir='ltr'>si</span> <span class='ocrx_word' id='word_1_138' title='bbox 350 2315 505 2388; x_wconf 88' lang='lat' dir='ltr'>eandem</span> <span class='ocrx_word' id='word_1_139' title='bbox 530 2315 710 2388; x_wconf 87' lang='lat' dir='ltr'>rationem</span> <span class='ocrx_word' id='word_1_140' title='bbox 737 2313 993 2388; x_wconf 77' lang='lat' dir='ltr'>distantiarum</span> <span class='ocrx_word' id='word_1_141' title='bbox 1010 2314 1226 2388; x_wconf 78' lang='lat' dir='ltr'>continuare</span> <span class='ocrx_word' id='word_1_142' title='bbox 1255 2315 1340 2410; x_wconf 89' lang='lat' dir='ltr'>quis</span> 
     </span>
     <span class='ocr_line' id='line_1_19' title="bbox 296 2428 1340 2526; baseline 0 -24"><span class='ocrx_word' id='word_1_143' title='bbox 296 2428 453 2503; x_wconf 89' lang='lat' dir='ltr'>voluerit</span> <span class='ocrx_word' id='word_1_144' title='bbox 474 2451 600 2503; x_wconf 86' lang='lat' dir='ltr'>versus</span> <span class='ocrx_word' id='word_1_145' title='bbox 626 2429 802 2502; x_wconf 82' lang='lat' dir='ltr'>verticem</span> <span class='ocrx_word' id='word_1_146' title='bbox 831 2430 870 2518; x_wconf 82' lang='lat' dir='ltr'>F,</span> <span class='ocrx_word' id='word_1_147' title='bbox 897 2429 950 2502; x_wconf 85' lang='lat' dir='ltr'>sia</span> <span class='ocrx_word' id='word_1_148' title='bbox 976 2428 1098 2502; x_wconf 82' lang='lat' dir='ltr'>faciet.</span> <span class='ocrx_word' id='word_1_149' title='bbox 1150 2428 1340 2526; x_wconf 79' lang='lat' dir='ltr'>iungatur</span> 
     </span>
    </p>
   </div>
   <div class='ocr_carea' id='block_1_3' title="bbox 298 2539 1340 2640">
    <p class='ocr_par' dir='ltr' id='par_1_3' title="bbox 298 2539 1340 2640">
     <span class='ocr_line' id='line_1_20' title="bbox 298 2539 1340 2640; baseline 0.002 -25"><span class='ocrx_word' id='word_1_150' title='bbox 298 2541 394 2633; x_wconf 84' lang='lat' dir='ltr'>AH,</span> <span class='ocrx_word' id='word_1_151' title='bbox 413 2554 451 2617; x_wconf 89' lang='lat' dir='ltr'>et</span> <span class='ocrx_word' id='word_1_152' title='bbox 466 2543 690 2640; x_wconf 78' lang='lat' dir='ltr'>producatur</span> <span class='ocrx_word' id='word_1_153' title='bbox 706 2541 754 2616; x_wconf 89' lang='lat' dir='ltr'>ad</span> <span class='ocrx_word' id='word_1_154' title='bbox 771 2543 842 2616; x_wconf 86' lang='lat' dir='ltr'>BF</span> <span class='ocrx_word' id='word_1_155' title='bbox 870 2543 910 2616; x_wconf 92' lang='lat' dir='ltr'>in</span> <span class='ocrx_word' id='word_1_156' title='bbox 937 2541 980 2635; x_wconf 83' lang='grc' dir='ltr'>Ε,</span> <span class='ocrx_word' id='word_1_157' title='bbox 1006 2543 1238 2640; x_wconf 83' lang='lat' dir='ltr'>duceturque</span> <span class='ocrx_word' id='word_1_158' title='bbox 1264 2539 1340 2617; x_wconf 76' lang='grc' dir='ltr'>ΕΙ.</span> 
     </span>
    </p>
   </div>
   <div class='ocr_carea' id='block_1_4' title="bbox 300 2653 1444 2756">
    <p class='ocr_par' dir='ltr' id='par_1_4' title="bbox 300 2653 1444 2756">
     <span class='ocr_line' id='line_1_21' title="bbox 300 2653 1444 2756; baseline -0.003 -26"><span class='ocrx_word' id='word_1_159' title='bbox 300 2653 474 2752; x_wconf 82' lang='lat' dir='ltr'>parallela</span> <span class='ocrx_word' id='word_1_160' title='bbox 500 2657 579 2731; x_wconf 91' lang='lat' dir='ltr'>basi</span> <span class='ocrx_word' id='word_1_161' title='bbox 596 2656 685 2747; x_wconf 90' lang='lat' dir='ltr'>AB,</span> <span class='ocrx_word' id='word_1_162' title='bbox 703 2679 831 2730; x_wconf 83' lang='lat' dir='ltr'>secans</span> <span class='ocrx_word' id='word_1_163' title='bbox 848 2657 921 2730; x_wconf 80' lang='lat' dir='ltr'>Ar</span> <span class='ocrx_word' id='word_1_164' title='bbox 937 2657 976 2730; x_wconf 89' lang='lat' dir='ltr'>in</span> <span class='ocrx_word' id='word_1_165' title='bbox 990 2654 1031 2748; x_wconf 88' lang='lat' dir='ltr'>L,</span> <span class='ocrx_word' id='word_1_166' title='bbox 1050 2659 1192 2754; x_wconf 88' lang='lat' dir='ltr'>eritque</span> <span class='ocrx_word' id='word_1_167' title='bbox 1215 2669 1342 2756; x_wconf 85' lang='lat' dir='ltr'>trape-</span> <span class='ocrx_word' id='word_1_168' title='bbox 1443 2715 1444 2726; x_wconf 70' lang='grc'>,</span> 
     </span>
    </p>
   </div>
   <div class='ocr_carea' id='block_1_5' title="bbox 293 2749 1444 4352">
    <p class='ocr_par' dir='ltr' id='par_1_5' title="bbox 293 2749 1444 4352">
     <span class='ocr_line' id='line_1_22' title="bbox 300 2749 1444 2868; baseline 0.005 -26"><span class='ocrx_word' id='word_1_169' title='bbox 300 2770 397 2844; x_wconf 90' lang='lat' dir='ltr'>zium</span> <span class='ocrx_word' id='word_1_170' title='bbox 423 2771 540 2845; x_wconf 84' lang='lat' dir='ltr'>ELD</span> <span class='ocrx_word' id='word_1_171' title='bbox 554 2772 585 2846; x_wconf 87' lang='lat' dir='ltr'>C</span> <span class='ocrx_word' id='word_1_172' title='bbox 609 2772 885 2868; x_wconf 85' lang='lat' dir='ltr'>repraesentatio</span> <span class='ocrx_word' id='word_1_173' title='bbox 914 2772 1119 2868; x_wconf 85' lang='lat' dir='ltr'>reetanguli</span> <span class='ocrx_word' id='word_1_174' title='bbox 1140 2773 1339 2864; x_wconf 75' lang='lat' dir='ltr'>ulterioriS‚</span> <span class='ocrx_word' id='word_1_175' title='bbox 1443 2749 1444 2808; x_wconf 45' lang='lat'><strong>¹</strong></span> 
     </span>
     <span class='ocr_line' id='line_1_23' title="bbox 301 2883 1341 2982; baseline 0.003 -25"><span class='ocrx_word' id='word_1_176' title='bbox 301 2883 476 2958; x_wconf 83' lang='lat' dir='ltr'>nimirum</span> <span class='ocrx_word' id='word_1_177' title='bbox 494 2889 599 2982; x_wconf 84' lang='lat' dir='ltr'>enjus</span> <span class='ocrx_word' id='word_1_178' title='bbox 615 2884 712 2960; x_wconf 88' lang='lat' dir='ltr'>latus</span> <span class='ocrx_word' id='word_1_179' title='bbox 727 2885 827 2961; x_wconf 88' lang='lat' dir='ltr'>oculi</span> <span class='ocrx_word' id='word_1_180' title='bbox 843 2886 1050 2982; x_wconf 87' lang='lat' dir='ltr'>proximum</span> <span class='ocrx_word' id='word_1_181' title='bbox 1065 2897 1123 2960; x_wconf 88' lang='lat' dir='ltr'>est</span> <span class='ocrx_word' id='word_1_182' title='bbox 1139 2885 1229 2976; x_wconf 90' lang='lat' dir='ltr'>LD,</span> <span class='ocrx_word' id='word_1_183' title='bbox 1248 2888 1341 2960; x_wconf 89' lang='lat' dir='ltr'>alte-</span> 
     </span>
     <span class='ocr_line' id='line_1_24' title="bbox 299 2995 1341 3098; baseline 0.002 -26"><span class='ocrx_word' id='word_1_184' title='bbox 299 3021 381 3072; x_wconf 87' lang='lat' dir='ltr'>rum</span> <span class='ocrx_word' id='word_1_185' title='bbox 399 2999 496 3072; x_wconf 91' lang='lat' dir='ltr'>latus</span> <span class='ocrx_word' id='word_1_186' title='bbox 513 3000 632 3098; x_wconf 84' lang='lat' dir='ltr'>ipsum</span> <span class='ocrx_word' id='word_1_187' title='bbox 650 2995 748 3090; x_wconf 87' lang='lat' dir='ltr'>MD,</span> <span class='ocrx_word' id='word_1_188' title='bbox 766 2998 825 3074; x_wconf 83' lang='lat' dir='ltr'>vei</span> <span class='ocrx_word' id='word_1_189' title='bbox 841 2997 920 3072; x_wconf 78' lang='grc' dir='ltr'>ΝΟ</span> <span class='ocrx_word' id='word_1_190' title='bbox 943 2999 1086 3095; x_wconf 75' lang='lat' dir='ltr'>(ligura</span> <span class='ocrx_word' id='word_1_191' title='bbox 1102 2999 1262 3096; x_wconf 83' lang='lat' dir='ltr'>primae).</span> <span class='ocrx_word' id='word_1_192' title='bbox 1290 3001 1341 3074; x_wconf 83' lang='lat' dir='ltr'>Et</span> 
     </span>
     <span class='ocr_line' id='line_1_25' title="bbox 300 3111 1340 3209; baseline 0.003 -25"><span class='ocrx_word' id='word_1_193' title='bbox 300 3111 352 3184; x_wconf 89' lang='lat' dir='ltr'>sio</span> <span class='ocrx_word' id='word_1_194' title='bbox 365 3123 487 3209; x_wconf 89' lang='lat' dir='ltr'>potest</span> <span class='ocrx_word' id='word_1_195' title='bbox 498 3113 705 3186; x_wconf 86' lang='lat' dir='ltr'>continuari</span> <span class='ocrx_word' id='word_1_196' title='bbox 714 3111 975 3186; x_wconf 86' lang='lat' dir='ltr'>tabulaversus</span> <span class='ocrx_word' id='word_1_197' title='bbox 985 3113 1161 3186; x_wconf 87' lang='lat' dir='ltr'>verticem</span> <span class='ocrx_word' id='word_1_198' title='bbox 1177 3113 1340 3209; x_wconf 86' lang='lat' dir='ltr'>Fquan-</span> 
     </span>
     <span class='ocr_line' id='line_1_26' title="bbox 298 3224 1338 3323; baseline 0.004 -25"><span class='ocrx_word' id='word_1_199' title='bbox 298 3235 378 3298; x_wconf 88' lang='lat' dir='ltr'>tum</span> <span class='ocrx_word' id='word_1_200' title='bbox 395 3227 573 3301; x_wconf 86' lang='lat' dir='ltr'>volumus.</span> <span class='ocrx_word' id='word_1_201' title='bbox 624 3224 700 3301; x_wconf 79' lang='lat' dir='ltr'>Sed</span> <span class='ocrx_word' id='word_1_202' title='bbox 716 3237 759 3300; x_wconf 91' lang='lat' dir='ltr'>ut</span> <span class='ocrx_word' id='word_1_203' title='bbox 784 3228 1010 3323; x_wconf 85' lang='lat' dir='ltr'>compleatur</span> <span class='ocrx_word' id='word_1_204' title='bbox 1026 3226 1250 3323; x_wconf 90' lang='lat' dir='ltr'>impossibile</span> <span class='ocrx_word' id='word_1_205' title='bbox 1270 3239 1338 3319; x_wconf 86' lang='lat' dir='ltr'>est,</span> 
     </span>
     <span class='ocr_line' id='line_1_27' title="bbox 298 3339 1341 3439; baseline 0.006 -27"><span class='ocrx_word' id='word_1_206' title='bbox 298 3339 473 3435; x_wconf 90' lang='lat' dir='ltr'>quoniam</span> <span class='ocrx_word' id='word_1_207' title='bbox 489 3353 616 3415; x_wconf 87' lang='lat' dir='ltr'>vertex</span> <span class='ocrx_word' id='word_1_208' title='bbox 634 3342 662 3413; x_wconf 90' lang='lat' dir='ltr'>F</span> <span class='ocrx_word' id='word_1_209' title='bbox 678 3353 918 3439; x_wconf 85' lang='lat' dir='ltr'>repraesentat</span> <span class='ocrx_word' id='word_1_210' title='bbox 942 3341 1077 3415; x_wconf 88' lang='lat' dir='ltr'>lineam</span> <span class='ocrx_word' id='word_1_211' title='bbox 1099 3343 1139 3415; x_wconf 94' lang='lat' dir='ltr'>in</span> <span class='ocrx_word' id='word_1_212' title='bbox 1162 3341 1341 3418; x_wconf 86' lang='lat' dir='ltr'>distantia</span> 
     </span>
     <span class='ocr_line' id='line_1_28' title="bbox 293 3454 1338 3552; baseline 0.002 -25"><span class='ocrx_word' id='word_1_213' title='bbox 293 3454 484 3552; x_wconf 76' lang='lat' dir='ltr'>incognita</span> <span class='ocrx_word' id='word_1_214' title='bbox 500 3454 726 3528; x_wconf 82' lang='lat' dir='ltr'>collocatam.</span> <span class='ocrx_word' id='word_1_215' title='bbox 776 3456 862 3528; x_wconf 80' lang='lat' dir='ltr'>iam</span> <span class='ocrx_word' id='word_1_216' title='bbox 878 3456 1082 3552; x_wconf 83' lang='lat' dir='ltr'>trapezium</span> <span class='ocrx_word' id='word_1_217' title='bbox 1097 3457 1181 3546; x_wconf 87' lang='lat' dir='ltr'>hoo,</span> <span class='ocrx_word' id='word_1_218' title='bbox 1200 3468 1243 3528; x_wconf 93' lang='lat' dir='ltr'>ut</span> <span class='ocrx_word' id='word_1_219' title='bbox 1261 3455 1338 3530; x_wconf 87' lang='lat' dir='ltr'>dio-</span> 
     </span>
     <span class='ocr_line' id='line_1_29' title="bbox 298 3567 1338 3661; baseline 0.002 -20"><span class='ocrx_word' id='word_1_220' title='bbox 298 3579 378 3641; x_wconf 91' lang='lat' dir='ltr'>tum</span> <span class='ocrx_word' id='word_1_221' title='bbox 394 3577 463 3658; x_wconf 78' lang='lat' dir='ltr'>eat,</span> <span class='ocrx_word' id='word_1_222' title='bbox 479 3567 639 3642; x_wconf 85' lang='lat' dir='ltr'>divisum</span> <span class='ocrx_word' id='word_1_223' title='bbox 654 3568 857 3642; x_wconf 86' lang='lat' dir='ltr'>seeundum</span> <span class='ocrx_word' id='word_1_224' title='bbox 882 3570 1041 3643; x_wconf 90' lang='lat' dir='ltr'>rationes</span> <span class='ocrx_word' id='word_1_225' title='bbox 1067 3569 1338 3661; x_wconf 85' lang='lat' dir='ltr'>distantiarum,</span> 
     </span>
     <span class='ocr_line' id='line_1_30' title="bbox 298 3683 1338 3780; baseline 0.002 -24"><span class='ocrx_word' id='word_1_226' title='bbox 298 3700 386 3778; x_wconf 87' lang='lat' dir='ltr'>quas</span> <span class='ocrx_word' id='word_1_227' title='bbox 403 3683 541 3757; x_wconf 84' lang='lat' dir='ltr'>habent</span> <span class='ocrx_word' id='word_1_228' title='bbox 558 3684 604 3756; x_wconf 90' lang='lat' dir='ltr'>ab</span> <span class='ocrx_word' id='word_1_229' title='bbox 622 3684 728 3757; x_wconf 90' lang='lat' dir='ltr'>ooulo</span> <span class='ocrx_word' id='word_1_230' title='bbox 746 3683 1013 3780; x_wconf 79' lang='lat' dir='ltr'>objectipartes</span> <span class='ocrx_word' id='word_1_231' title='bbox 1025 3703 1092 3779; x_wconf 88' lang='lat' dir='ltr'>per</span> <span class='ocrx_word' id='word_1_232' title='bbox 1104 3694 1224 3755; x_wconf 86' lang='lat' dir='ltr'>rectas</span> <span class='ocrx_word' id='word_1_233' title='bbox 1242 3683 1282 3758; x_wconf 75' lang='lat' dir='ltr'><strong>Q</strong></span> <span class='ocrx_word' id='word_1_234' title='bbox 1293 3685 1338 3773; x_wconf 87' lang='lat' dir='ltr'>R,</span> 
     </span>
     <span class='ocr_line' id='line_1_31' title="bbox 298 3797 1339 3895; baseline -0.002 -23"><span class='ocrx_word' id='word_1_235' title='bbox 298 3798 331 3872; x_wconf 90' lang='grc' dir='ltr'><strong>Ο</strong></span> <span class='ocrx_word' id='word_1_236' title='bbox 344 3797 384 3887; x_wconf 89' lang='grc' dir='ltr'>Ρ,</span> <span class='ocrx_word' id='word_1_237' title='bbox 402 3797 443 3871; x_wconf 87' lang='grc' dir='ltr'>Μ</span> <span class='ocrx_word' id='word_1_238' title='bbox 455 3797 504 3888; x_wconf 88' lang='grc' dir='ltr'>Ν,</span> <span class='ocrx_word' id='word_1_239' title='bbox 522 3797 556 3871; x_wconf 90' lang='lat' dir='ltr'>D</span> <span class='ocrx_word' id='word_1_240' title='bbox 569 3798 600 3872; x_wconf 85' lang='lat' dir='ltr'>C</span> <span class='ocrx_word' id='word_1_241' title='bbox 630 3799 802 3895; x_wconf 86' lang='lat' dir='ltr'>aliasque,</span> <span class='ocrx_word' id='word_1_242' title='bbox 819 3797 852 3870; x_wconf 91' lang='lat' dir='ltr'>si</span> <span class='ocrx_word' id='word_1_243' title='bbox 878 3797 1010 3893; x_wconf 82' lang='lat' dir='ltr'>piacet,</span> <span class='ocrx_word' id='word_1_244' title='bbox 1038 3797 1232 3870; x_wconf 82' lang='lat' dir='ltr'>ulteriores</span> <span class='ocrx_word' id='word_1_245' title='bbox 1258 3798 1339 3871; x_wconf 86' lang='lat' dir='ltr'>basi</span> 
     </span>
     <span class='ocr_line' id='line_1_32' title="bbox 296 3911 1339 4008; baseline 0.001 -23"><span class='ocrx_word' id='word_1_246' title='bbox 296 3912 501 4008; x_wconf 75' lang='lat' dir='ltr'>parallelas,</span> <span class='ocrx_word' id='word_1_247' title='bbox 531 3911 746 3986; x_wconf 83' lang='lat' dir='ltr'>memoriam</span> <span class='ocrx_word' id='word_1_248' title='bbox 772 3911 935 4008; x_wconf 87' lang='lat' dir='ltr'>partious</span> <span class='ocrx_word' id='word_1_249' title='bbox 965 3933 1076 4007; x_wconf 88' lang='lat' dir='ltr'>quam</span> <span class='ocrx_word' id='word_1_250' title='bbox 1098 3923 1339 4007; x_wconf 85' lang='lat' dir='ltr'>repraesentat</span> 
     </span>
     <span class='ocr_line' id='line_1_33' title="bbox 293 4017 1339 4122; baseline 0 -24"><span class='ocrx_word' id='word_1_251' title='bbox 293 4017 546 4100; x_wconf 80' lang='lat' dir='ltr'>vehementius</span> <span class='ocrx_word' id='word_1_252' title='bbox 568 4026 706 4099; x_wconf 82' lang='lat' dir='ltr'>exoitat</span> <span class='ocrx_word' id='word_1_253' title='bbox 733 4043 843 4122; x_wconf 89' lang='lat' dir='ltr'>quam</span> <span class='ocrx_word' id='word_1_254' title='bbox 869 4023 1087 4110; x_wconf 70' lang='lat' dir='ltr'>indivisum</span> <span class='ocrx_word' id='word_1_255' title='bbox 1115 4025 1201 4121; x_wconf 86' lang='lat' dir='ltr'>quia</span> <span class='ocrx_word' id='word_1_256' title='bbox 1216 4023 1339 4122; x_wconf 69' lang='lat' dir='ltr'>parad-</span> 
     </span>
     <span class='ocr_line' id='line_1_34' title="bbox 293 4133 1338 4237; baseline 0.003 -26"><span class='ocrx_word' id='word_1_257' title='bbox 293 4139 374 4214; x_wconf 78' lang='lat' dir='ltr'>lelte</span> <span class='ocrx_word' id='word_1_258' title='bbox 391 4139 464 4214; x_wconf 79' lang='lat' dir='ltr'>iii&#39;ae</span> <span class='ocrx_word' id='word_1_259' title='bbox 480 4157 548 4213; x_wconf 83' lang='lat' dir='ltr'>sua</span> <span class='ocrx_word' id='word_1_260' title='bbox 563 4141 742 4214; x_wconf 81' lang='lat' dir='ltr'>nontinu‘a</span> <span class='ocrx_word' id='word_1_261' title='bbox 758 4133 1012 4229; x_wconf 87' lang='lat' dir='ltr'>diminutione,</span> <span class='ocrx_word' id='word_1_262' title='bbox 1031 4163 1112 4237; x_wconf 87' lang='lat' dir='ltr'>quae</span> <span class='ocrx_word' id='word_1_263' title='bbox 1128 4140 1259 4214; x_wconf 88' lang='lat' dir='ltr'>similis</span> <span class='ocrx_word' id='word_1_264' title='bbox 1281 4149 1338 4214; x_wconf 87' lang='lat' dir='ltr'>est</span> 
     </span>
     <span class='ocr_line' id='line_1_35' title="bbox 297 4249 1441 4352; baseline 0 -24"><span class='ocrx_word' id='word_1_265' title='bbox 297 4249 531 4330; x_wconf 86' lang='lat' dir='ltr'>diminutioni</span> <span class='ocrx_word' id='word_1_266' title='bbox 546 4255 759 4352; x_wconf 83' lang='lat' dir='ltr'>apparentis</span> <span class='ocrx_word' id='word_1_267' title='bbox 771 4252 920 4350; x_wconf 86' lang='lat' dir='ltr'>objecti,</span> <span class='ocrx_word' id='word_1_268' title='bbox 933 4275 1017 4351; x_wconf 86' lang='lat' dir='ltr'>quae</span> <span class='ocrx_word' id='word_1_269' title='bbox 1033 4255 1077 4328; x_wconf 88' lang='lat' dir='ltr'>fit</span> <span class='ocrx_word' id='word_1_270' title='bbox 1093 4277 1117 4329; x_wconf 90' lang='lat' dir='ltr'>a</span> <span class='ocrx_word' id='word_1_271' title='bbox 1132 4255 1338 4330; x_wconf 85' lang='lat' dir='ltr'>remotione</span> <span class='ocrx_word' id='word_1_272' title='bbox 1440 4335 1441 4342; x_wconf 11' lang='grc' dir='ltr'><strong><em>Ν</em></strong></span> 
     </span>
    </p>
   </div>
   <div class='ocr_carea' id='block_1_6' title="bbox 0 0 1463 4914">
    <p class='ocr_par' dir='ltr' id='par_1_6' title="bbox 0 0 1463 4914">
     <span class='ocr_line' id='line_1_36' title="bbox 0 0 1463 4914; baseline 0 0"><span class='ocrx_word' id='word_1_273' title='bbox 0 0 1463 4914; x_wconf 95' lang='lat' dir='ltr'> </span> 
     </span>
    </p>
   </div>
  </div>
 </body>
</html>
