2904 4912
289 320 342 370 nu
362 317 637 372 nucusssnns
656 319 711 372 An
732 319 940 374 saturnu.
1075 307 1149 373 415

104 507 179 579 quo
208 495 318 579 pacto
347 485 557 560 obedientia
584 493 667 558 tuto
693 485 739 559 iis
765 487 934 581 praestari
960 487 1089 582 possit,
1121 489 1152 561 si
1181 525 1279 578 sm,
1294 525 1347 574 m,

104 597 253 694 quando
279 599 501 694 imperatum
517 599 629 672 fuerit
645 599 795 696 aliquid,
814 600 913 696 quod
939 601 1151 676 Cflnlsrus
1194 602 1334 708 L

103 711 187 784 fieri
216 713 398 807 prohibet.
452 714 570 786 Causa
599 713 825 787 difficultatis
849 725 917 804 est,
938 714 1040 809 quod
1067 739 1152 788 oum

104 825 207 896 Deus
220 849 296 896 non
313 825 468 920 amplius
480 849 547 921 per
558 825 781 899 Cnnrsrun
793 838 833 899 et
842 826 1057 925 prophetas
1070 827 1155 902 viva

104 961 196 1010 voce
209 962 277 1010 nos
291 938 510 1033 alloquatur,
526 939 592 1012 sed
609 963 675 1035 per
693 940 901 1036 Scripturas
916 942 1058 1031 Sauras,
1070 965 1154 1036 quae

105 1075 129 1122 a
146 1050 300 1123 diversis
329 1051 471 1125 diverse
498 1052 741 1148 accipiuntur,
761 1053 882 1126 sciunt
900 1054 1048 1149 quidem
1066 1054 1155 1150 quid

104 1187 213 1258 reges
227 1163 411 1259 imperant
422 1176 460 1237 et
474 1164 634 1237 ecclesio
652 1178 897 1262 congregata3
923 1179 1050 1240 utrum
1065 1191 1154 1242 vero

104 1276 157 1365 id,
174 1276 274 1373 quod
290 1277 484 1372 imperant,
500 1279 549 1350 sit
572 1290 702 1352 eontra
728 1281 910 1376 imperata
933 1281 1002 1353 Dei
1024 1306 1153 1372 neone,

105 1390 146 1463 id
162 1391 333 1463 nesciunt
347 1423 357 1475 ;
384 1391 450 1463 sed
466 1393 671 1465 fluctuante
688 1393 899 1467 obedientia
912 1394 1010 1467 inter
1026 1418 1155 1490 poenas

104 1505 235 1579 mortis
248 1505 469 1601 temporalia
485 1515 523 1578 et
543 1506 775 1603 spiritualia,
788 1517 964 1603 tanquam
977 1508 1156 1602 navigan·

103 1629 163 1691 tes
179 1619 277 1691 inter
302 1618 462 1716 Scyllam
479 1630 518 1691 et
532 1620 744 1715 Charybdin
769 1621 964 1693 incurrunt
992 1643 1089 1716 saepe
1115 1620 1155 1692 in

105 1743 314 1827 utramque.
368 1732 442 1806 Qui
458 1755 546 1804 voro
570 1734 777 1806 uecess'aria
794 1733 842 1806 ad
860 1733 1026 1823 salutem,
1043 1757 1155 1806 anon

105 1845 322 1918 necessariis
339 1855 439 1917 reete
453 1844 698 1940 distinguunt,
710 1846 849 1918 nullam
858 1846 1070 1941 hujusmodi
1087 1846 1155 1918 du-

105 1959 325 2034 bitationem
351 1958 489 2030 habere
511 1969 678 2053 possunt.
731 1958 920 2053 Siquidem
937 1960 1035 2033 enim
1051 1983 1156 2032 man-

107 2074 236 2146 datum
264 2071 441 2167 principis
468 2071 527 2143 vel
557 2070 716 2144 civitatis
743 2072 817 2143 tale
847 2073 906 2162 sit,
941 2085 984 2146 ut
1014 2072 1156 2147 obediri

106 2188 142 2259 ei
165 2185 282 2284 possit
310 2185 387 2256 sine
413 2186 560 2280 jactura
584 2184 711 2257 salutis
728 2195 887 2274 aeternae,
905 2186 1084 2281 injustum
1101 2195 1157 2258 est

106 2324 183 2373 non
201 2297 363 2386 obedire,
382 2308 421 2369 et
437 2297 560 2370 locum
576 2297 715 2370 habent
744 2309 931 2394 praecepta
954 2299 1158 2395 apostolica

109 2412 205 2508 (Col.
223 2411 274 2484 iii.
287 2419 348 2500 20,
367 2413 450 2505 22):
477 2410 572 2482 Filii
589 2408 734 2483 obedite
753 2412 979 2508 parentibus
989 2437 1066 2510 per
1084 2437 1157 2484 om-

108 2527 201 2601 nio:
236 2524 357 2614 Servi,
385 2523 531 2595 obedite
549 2547 625 2619 per
656 2523 777 2597 omniu
804 2524 962 2598 dominis
990 2526 1157 2600 cornali-

109 2639 201 2713 bus:
230 2648 268 2711 et
296 2637 512 2710 mandatum
540 2637 715 2709 Cnnrsrr
746 2636 900 2730 (Matth.
918 2637 1020 2711 xxiii.
1039 2648 1075 2727 2,
1095 2647 1156 2728 3):

108 2753 233 2852 Super
250 2750 468 2823 cathedram
493 2749 617 2822 Musis
640 2749 815 2823 sederant
840 2750 984 2824 Scribae
1001 2760 1038 2823 et
1055 2749 1158 2824 Plio-

108 2865 215 2938 risoei
225 2893 240 2948 ,·
263 2865 384 2936 omnio
396 2886 502 2962 ergo,
520 2887 755 2961 quacumque
768 2863 937 2937 dixerint
949 2864 1065 2954 uobis,
1078 2887 1160 2935 ser-

107 2989 195 3052 vate
224 2987 262 3050 et
280 2978 426 3074 facite.
492 2977 641 3065 Contra,
667 2977 697 3048 si
724 2976 847 3051 facere
873 2978 1051 3073 jusserint
1076 3000 1158 3074 quae

107 3092 313 3189 puniuntur
342 3100 460 3164 morte
486 3101 637 3179 aeterna,
652 3090 823 3164 insonum
849 3104 907 3165 est
933 3116 1008 3164 non
1035 3091 1158 3188 potius

107 3205 203 3278 mori
226 3215 382 3276 mortem
404 3203 623 3291 naturalem,
647 3227 757 3299 quam
784 3203 990 3278 obediendo
1007 3203 1103 3277 mori
1119 3204 1159 3277 in

107 3328 301 3391 aeternum.
353 3319 400 3389 Et
430 3317 554 3389 looum
578 3318 691 3389 habet
715 3317 814 3411 quod
837 3318 927 3391 dicit
944 3319 1157 3393 Cnnlsrus

106 3431 258 3525 (Matth.
285 3454 322 3502 x.
349 3431 433 3524 28):
470 3429 602 3502 Nolite
631 3429 760 3501 timere
785 3455 860 3520 eos,
887 3432 953 3529 qui
987 3432 1160 3505 occidunt

107 3568 275 3641 eorpnu;
302 3543 461 3615 animam
479 3551 599 3615 autem
615 3565 687 3614 oon
697 3553 859 3638 possunt
877 3544 1058 3618 occidere.
1095 3544 1160 3616 Vi-

107 3658 270 3731 dendum
304 3656 430 3751 itaque
462 3667 519 3728 est
550 3679 632 3751 quae
661 3655 735 3728 sint
764 3679 808 3730 en
838 3658 972 3747 omnia,
999 3681 1082 3753 quae
1112 3655 1160 3730 od

107 3773 264 3846 salutem
282 3781 369 3843 sunt
388 3769 603 3842 necessaria.

160 3895 196 3958 2.
224 3884 318 3956 Sunt
331 3893 456 3955 autem
469 3881 685 3955 necessario
703 3881 916 3954 adsalutem
933 3881 1371 3996 omniadua-2:32¹:3123}m

109 4000 180 4070 bus
209 3995 407 4078 virtutibus
442 3994 717 4091 comprehensa,
743 3993 830 4087 fide
864 4006 902 4066 et
935 3993 1159 4069 obedientia.
1173 4018 1372 4094 conuentura

112 4111 258 4182 Harum
283 4108 476 4204 posterior,
495 4107 525 4180 si
547 4106 711 4202 perfecta
739 4129 816 4178 osse
840 4117 976 4201 posset,
995 4108 1073 4180 sola
1086 4109 1159 4182 suf-
1173 4089 1196 4128 ⁰⁸
1212 4083 1343 4127 ⁰b⁰l¹⁹¹¹t¹²

110 4225 241 4297 ficeret
258 4247 305 4295 ue
324 4221 582 4297 damnaremur
596 4251 605 4304 ;
634 4219 699 4292 sed
713 4218 938 4313 quinetiam
955 4219 1020 4294 diu
1034 4245 1160 4296 omnes
