<?xml version="1.0" encoding="UTF-8"?>
<!DOCTYPE html PUBLIC "-//W3C//DTD XHTML 1.0 Transitional//EN"
    "http://www.w3.org/TR/xhtml1/DTD/xhtml1-transitional.dtd">
<html xmlns="http://www.w3.org/1999/xhtml" xml:lang="en" lang="en">
 <head>
  <title>
</title>
<meta http-equiv="Content-Type" content="text/html;charset=utf-8" />
  <meta name='ocr-system' content='tesseract 3.04.00' />
  <meta name='ocr-capabilities' content='ocr_page ocr_carea ocr_par ocr_line ocrx_word'/>
</head>
<body>
  <div class='ocr_page' id='page_1' title='image "./thomhobbesmalme09hobbgoog_0078.png"; bbox 0 0 2864 4924; ppageno 0'>
   <div class='ocr_carea' id='block_1_1' title="bbox 201 291 1102 382">
    <p class='ocr_par' dir='ltr' id='par_1_1' title="bbox 201 291 1102 382">
     <span class='ocr_line' id='line_1_1' title="bbox 201 291 1102 382; baseline -0.003 -16"><span class='ocrx_word' id='word_1_1' title='bbox 201 309 258 366; x_wconf 82' lang='lat' dir='ltr'>nn</span> <span class='ocrx_word' id='word_1_2' title='bbox 278 309 385 367; x_wconf 82' lang='lat' dir='ltr'>noto</span> <span class='ocrx_word' id='word_1_3' title='bbox 404 307 652 366; x_wconf 73' lang='lat' dir='ltr'>orronnnrn</span> <span class='ocrx_word' id='word_1_4' title='bbox 672 305 858 382; x_wconf 84' lang='lat' dir='ltr'>onrnorr,</span> <span class='ocrx_word' id='word_1_5' title='bbox 878 305 965 364; x_wconf 84' lang='lat' dir='ltr'>nne.</span> <span class='ocrx_word' id='word_1_6' title='bbox 1053 291 1102 364; x_wconf 78' lang='grc'>63</span> 
     </span>
    </p>
   </div>
   <div class='ocr_carea' id='block_1_2' title="bbox 69 475 1115 3882">
    <p class='ocr_par' dir='ltr' id='par_1_2' title="bbox 69 475 1115 3652">
     <span class='ocr_line' id='line_1_2' title="bbox 80 475 1104 578; baseline -0.002 -24"><span class='ocrx_word' id='word_1_7' title='bbox 80 501 174 576; x_wconf 85' lang='lat' dir='ltr'>qnam</span> <span class='ocrx_word' id='word_1_8' title='bbox 190 477 419 566; x_wconf 72' lang='lat' dir='ltr'>eulminanet</span> <span class='ocrx_word' id='word_1_9' title='bbox 445 477 485 556; x_wconf 83' lang='lat' dir='ltr'>id</span> <span class='ocrx_word' id='word_1_10' title='bbox 501 477 600 577; x_wconf 87' lang='lat' dir='ltr'>quod</span> <span class='ocrx_word' id='word_1_11' title='bbox 617 489 675 555; x_wconf 81' lang='lat' dir='ltr'>eat</span> <span class='ocrx_word' id='word_1_12' title='bbox 693 489 824 556; x_wconf 87' lang='lat' dir='ltr'>eontra</span> <span class='ocrx_word' id='word_1_13' title='bbox 840 475 1104 578; x_wconf 78' lang='lat' dir='ltr'>experientiam</span> 
     </span>
     <span class='ocr_line' id='line_1_3' title="bbox 78 589 1103 694; baseline 0 -28"><span class='ocrx_word' id='word_1_14' title='bbox 78 591 201 668; x_wconf 85' lang='lat' dir='ltr'>iratam</span> <span class='ocrx_word' id='word_1_15' title='bbox 218 617 243 668; x_wconf 91' lang='lat' dir='ltr'>a</span> <span class='ocrx_word' id='word_1_16' title='bbox 259 591 473 670; x_wconf 71' lang='lat' dir='ltr'>doctissimo</span> <span class='ocrx_word' id='word_1_17' title='bbox 484 591 684 686; x_wconf 79' lang='lat' dir='ltr'>Ganeendo,</span> <span class='ocrx_word' id='word_1_18' title='bbox 698 617 809 694; x_wconf 89' lang='lat' dir='ltr'>quarn</span> <span class='ocrx_word' id='word_1_19' title='bbox 821 591 935 668; x_wconf 77' lang='lat' dir='ltr'>refert</span> <span class='ocrx_word' id='word_1_20' title='bbox 951 589 990 668; x_wconf 90' lang='lat' dir='ltr'>in</span> <span class='ocrx_word' id='word_1_21' title='bbox 1007 589 1103 690; x_wconf 81' lang='lat' dir='ltr'>epit·</span> 
     </span>
     <span class='ocr_line' id='line_1_4' title="bbox 76 703 1102 805; baseline 0.001 -24"><span class='ocrx_word' id='word_1_22' title='bbox 76 705 141 782; x_wconf 83' lang='lat' dir='ltr'>tola</span> <span class='ocrx_word' id='word_1_23' title='bbox 156 705 202 782; x_wconf 90' lang='lat' dir='ltr'>de</span> <span class='ocrx_word' id='word_1_24' title='bbox 218 705 301 782; x_wconf 77' lang='lat' dir='ltr'>tole</span> <span class='ocrx_word' id='word_1_25' title='bbox 318 703 449 782; x_wconf 79' lang='lat' dir='ltr'>humili</span> <span class='ocrx_word' id='word_1_26' title='bbox 471 715 511 784; x_wconf 79' lang='lat' dir='ltr'>et</span> <span class='ocrx_word' id='word_1_27' title='bbox 530 705 690 784; x_wconf 69' lang='lat' dir='ltr'>sublimi.</span> <span class='ocrx_word' id='word_1_28' title='bbox 742 707 936 800; x_wconf 82' lang='lat' dir='ltr'>Praeterea,</span> <span class='ocrx_word' id='word_1_29' title='bbox 954 703 1102 805; x_wconf 83' lang='lat' dir='ltr'>quondo</span> 
     </span>
     <span class='ocr_line' id='line_1_5' title="bbox 74 817 1103 921; baseline 0.001 -27"><span class='ocrx_word' id='word_1_30' title='bbox 74 817 202 918; x_wconf 85' lang='lat' dir='ltr'>aliquid</span> <span class='ocrx_word' id='word_1_31' title='bbox 217 817 365 896; x_wconf 84' lang='lat' dir='ltr'>videtur</span> <span class='ocrx_word' id='word_1_32' title='bbox 389 821 507 918; x_wconf 77' lang='lat' dir='ltr'>major</span> <span class='ocrx_word' id='word_1_33' title='bbox 531 831 685 921; x_wconf 85' lang='lat' dir='ltr'>propter</span> <span class='ocrx_word' id='word_1_34' title='bbox 708 817 968 898; x_wconf 85' lang='lat' dir='ltr'>reiraetionem</span> <span class='ocrx_word' id='word_1_35' title='bbox 992 839 1103 918; x_wconf 88' lang='lat' dir='ltr'>qnam</span> 
     </span>
     <span class='ocr_line' id='line_1_6' title="bbox 75 931 1103 1034; baseline 0 -28"><span class='ocrx_word' id='word_1_36' title='bbox 75 933 142 1008; x_wconf 78' lang='lat' dir='ltr'>aine</span> <span class='ocrx_word' id='word_1_37' title='bbox 157 931 392 1028; x_wconf 75' lang='lat' dir='ltr'>refractione,</span> <span class='ocrx_word' id='word_1_38' title='bbox 405 933 551 1010; x_wconf 87' lang='lat' dir='ltr'>videtur</span> <span class='ocrx_word' id='word_1_39' title='bbox 568 956 712 1032; x_wconf 76' lang='lat' dir='ltr'>temper</span> <span class='ocrx_word' id='word_1_40' title='bbox 728 935 796 1012; x_wconf 76' lang='lat' dir='ltr'>sub</span> <span class='ocrx_word' id='word_1_41' title='bbox 814 933 950 1034; x_wconf 75' lang='lat' dir='ltr'>angulo</span> <span class='ocrx_word' id='word_1_42' title='bbox 966 931 1103 1010; x_wconf 78' lang='lat' dir='ltr'>vitorio</span> 
     </span>
     <span class='ocr_line' id='line_1_7' title="bbox 74 1045 1105 1149; baseline 0.004 -29"><span class='ocrx_word' id='word_1_43' title='bbox 74 1045 203 1146; x_wconf 86' lang='lat' dir='ltr'>majore</span> <span class='ocrx_word' id='word_1_44' title='bbox 219 1047 259 1124; x_wconf 90' lang='lat' dir='ltr'>in</span> <span class='ocrx_word' id='word_1_45' title='bbox 277 1047 498 1124; x_wconf 78' lang='lat' dir='ltr'>refractione</span> <span class='ocrx_word' id='word_1_46' title='bbox 516 1071 626 1149; x_wconf 87' lang='lat' dir='ltr'>qnam</span> <span class='ocrx_word' id='word_1_47' title='bbox 640 1049 719 1126; x_wconf 80' lang='lat' dir='ltr'>aine</span> <span class='ocrx_word' id='word_1_48' title='bbox 733 1047 973 1134; x_wconf 76' lang='lat' dir='ltr'>refractioner</span> <span class='ocrx_word' id='word_1_49' title='bbox 990 1057 1035 1124; x_wconf 90' lang='lat' dir='ltr'>ut</span> <span class='ocrx_word' id='word_1_50' title='bbox 1050 1045 1105 1144; x_wconf 89' lang='lat' dir='ltr'>(in</span> 
     </span>
     <span class='ocr_line' id='line_1_8' title="bbox 75 1161 1105 1262; baseline 0.006 -30"><span class='ocrx_word' id='word_1_51' title='bbox 75 1161 128 1258; x_wconf 72' lang='lat' dir='ltr'>fig.</span> <span class='ocrx_word' id='word_1_52' title='bbox 145 1163 185 1258; x_wconf 75' lang='lat' dir='ltr'>a)</span> <span class='ocrx_word' id='word_1_53' title='bbox 205 1161 362 1260; x_wconf 76' lang='lat' dir='ltr'>angulus</span> <span class='ocrx_word' id='word_1_54' title='bbox 379 1161 502 1238; x_wconf 86' lang='lat' dir='ltr'>LFM</span> <span class='ocrx_word' id='word_1_55' title='bbox 521 1164 639 1262; x_wconf 85' lang='lat' dir='ltr'>major</span> <span class='ocrx_word' id='word_1_56' title='bbox 666 1175 723 1242; x_wconf 82' lang='lat' dir='ltr'>eat</span> <span class='ocrx_word' id='word_1_57' title='bbox 744 1187 855 1262; x_wconf 85' lang='lat' dir='ltr'>qnam</span> <span class='ocrx_word' id='word_1_58' title='bbox 873 1161 1004 1255; x_wconf 83' lang='lat' dir='ltr'>KFA,</span> <span class='ocrx_word' id='word_1_59' title='bbox 1021 1183 1105 1238; x_wconf 89' lang='lat' dir='ltr'>enm</span> 
     </span>
     <span class='ocr_line' id='line_1_9' title="bbox 73 1275 1107 1377; baseline 0.002 -29"><span class='ocrx_word' id='word_1_60' title='bbox 73 1285 187 1350; x_wconf 82' lang='lat' dir='ltr'>tomen</span> <span class='ocrx_word' id='word_1_61' title='bbox 216 1275 363 1372; x_wconf 74' lang='lat' dir='ltr'>objecta</span> <span class='ocrx_word' id='word_1_62' title='bbox 391 1275 425 1352; x_wconf 92' lang='lat' dir='ltr'>D</span> <span class='ocrx_word' id='word_1_63' title='bbox 440 1275 482 1370; x_wconf 80' lang='grc' dir='ltr'>Ο,</span> <span class='ocrx_word' id='word_1_64' title='bbox 506 1275 537 1352; x_wconf 84' lang='grc' dir='ltr'>Β</span> <span class='ocrx_word' id='word_1_65' title='bbox 550 1277 596 1370; x_wconf 87' lang='grc' dir='ltr'>Λ,</span> <span class='ocrx_word' id='word_1_66' title='bbox 628 1301 784 1377; x_wconf 87' lang='lat' dir='ltr'>quornm</span> <span class='ocrx_word' id='word_1_67' title='bbox 814 1275 991 1375; x_wconf 75' lang='lat' dir='ltr'>imagines</span> <span class='ocrx_word' id='word_1_68' title='bbox 1020 1285 1107 1351; x_wconf 81' lang='lat' dir='ltr'>aunt</span> 
     </span>
     <span class='ocr_line' id='line_1_10' title="bbox 73 1387 1107 1490; baseline 0.001 -28"><span class='ocrx_word' id='word_1_69' title='bbox 73 1387 107 1462; x_wconf 84' lang='grc' dir='ltr'><strong>Μ</strong></span> <span class='ocrx_word' id='word_1_70' title='bbox 119 1387 158 1482; x_wconf 80' lang='lat' dir='ltr'>t,</span> <span class='ocrx_word' id='word_1_71' title='bbox 178 1387 213 1462; x_wconf 88' lang='grc' dir='ltr'>Κ</span> <span class='ocrx_word' id='word_1_72' title='bbox 225 1389 272 1480; x_wconf 89' lang='grc' dir='ltr'>Α,</span> <span class='ocrx_word' id='word_1_73' title='bbox 290 1387 367 1466; x_wconf 81' lang='lat' dir='ltr'>rint</span> <span class='ocrx_word' id='word_1_74' title='bbox 391 1389 561 1490; x_wconf 80' lang='lat' dir='ltr'>aequalia.</span> <span class='ocrx_word' id='word_1_75' title='bbox 611 1389 668 1470; x_wconf 80' lang='lat' dir='ltr'>no</span> <span class='ocrx_word' id='word_1_76' title='bbox 694 1391 725 1467; x_wconf 81' lang='lat' dir='ltr'>ri</span> <span class='ocrx_word' id='word_1_77' title='bbox 750 1389 832 1489; x_wconf 82' lang='lat' dir='ltr'>quie</span> <span class='ocrx_word' id='word_1_78' title='bbox 857 1387 1107 1466; x_wconf 71' lang='lat' dir='ltr'>observaverit</span> 
     </span>
     <span class='ocr_line' id='line_1_11' title="bbox 72 1499 1107 1602; baseline 0.004 -30"><span class='ocrx_word' id='word_1_79' title='bbox 72 1513 236 1578; x_wconf 73' lang='lat' dir='ltr'>rwonrate</span> <span class='ocrx_word' id='word_1_80' title='bbox 256 1501 324 1578; x_wconf 81' lang='lat' dir='ltr'>tub</span> <span class='ocrx_word' id='word_1_81' title='bbox 346 1503 479 1601; x_wconf 82' lang='lat' dir='ltr'>quibua</span> <span class='ocrx_word' id='word_1_82' title='bbox 506 1504 651 1602; x_wconf 70' lang='lat' dir='ltr'>angulis</span> <span class='ocrx_word' id='word_1_83' title='bbox 675 1504 818 1584; x_wconf 77' lang='lat' dir='ltr'>risoriis</span> <span class='ocrx_word' id='word_1_84' title='bbox 834 1501 1008 1581; x_wconf 82' lang='lat' dir='ltr'>ridentur</span> <span class='ocrx_word' id='word_1_85' title='bbox 1025 1499 1107 1576; x_wconf 81' lang='lat' dir='ltr'>dna·</span> 
     </span>
     <span class='ocr_line' id='line_1_12' title="bbox 71 1613 1107 1716; baseline 0.01 -34"><span class='ocrx_word' id='word_1_86' title='bbox 71 1613 179 1692; x_wconf 70' lang='lat' dir='ltr'>attilae</span> <span class='ocrx_word' id='word_1_87' title='bbox 195 1615 292 1708; x_wconf 76' lang='lat' dir='ltr'>fixae,</span> <span class='ocrx_word' id='word_1_88' title='bbox 303 1617 436 1716; x_wconf 80' lang='lat' dir='ltr'>pooitae</span> <span class='ocrx_word' id='word_1_89' title='bbox 449 1618 487 1692; x_wconf 90' lang='lat' dir='ltr'>in</span> <span class='ocrx_word' id='word_1_90' title='bbox 504 1617 634 1694; x_wconf 86' lang='lat' dir='ltr'>eodem</span> <span class='ocrx_word' id='word_1_91' title='bbox 652 1617 791 1695; x_wconf 87' lang='lat' dir='ltr'>eireulo</span> <span class='ocrx_word' id='word_1_92' title='bbox 803 1615 980 1708; x_wconf 75' lang='lat' dir='ltr'>verticuli,</span> <span class='ocrx_word' id='word_1_93' title='bbox 995 1615 1034 1690; x_wconf 91' lang='lat' dir='ltr'>in</span> <span class='ocrx_word' id='word_1_94' title='bbox 1051 1615 1107 1692; x_wconf 82' lang='lat' dir='ltr'>oi-</span> 
     </span>
     <span class='ocr_line' id='line_1_13' title="bbox 71 1727 1109 1830; baseline 0.004 -30"><span class='ocrx_word' id='word_1_95' title='bbox 71 1728 178 1806; x_wconf 70' lang='lat' dir='ltr'>vonit</span> <span class='ocrx_word' id='word_1_96' title='bbox 195 1753 306 1830; x_wconf 78' lang='lat' dir='ltr'>anper</span> <span class='ocrx_word' id='word_1_97' title='bbox 322 1731 554 1810; x_wconf 84' lang='lat' dir='ltr'>horizontem</span> <span class='ocrx_word' id='word_1_98' title='bbox 568 1731 835 1824; x_wconf 76' lang='lat' dir='ltr'>altitudinibus,</span> <span class='ocrx_word' id='word_1_99' title='bbox 854 1729 892 1806; x_wconf 88' lang='lat' dir='ltr'>id</span> <span class='ocrx_word' id='word_1_100' title='bbox 910 1727 1009 1828; x_wconf 85' lang='lat' dir='ltr'>quod</span> <span class='ocrx_word' id='word_1_101' title='bbox 1020 1727 1109 1804; x_wconf 80' lang='lat' dir='ltr'>ierit</span> 
     </span>
     <span class='ocr_line' id='line_1_14' title="bbox 70 1841 1107 1924; baseline 0 -8"><span class='ocrx_word' id='word_1_102' title='bbox 70 1841 155 1918; x_wconf 80' lang='lat' dir='ltr'>oin</span> <span class='ocrx_word' id='word_1_103' title='bbox 172 1845 461 1924; x_wconf 72' lang='lat' dir='ltr'>eommenmrioo</span> <span class='ocrx_word' id='word_1_104' title='bbox 487 1869 573 1924; x_wconf 79' lang='lat' dir='ltr'>anor</span> <span class='ocrx_word' id='word_1_105' title='bbox 598 1845 729 1922; x_wconf 84' lang='lat' dir='ltr'>retulit</span> <span class='ocrx_word' id='word_1_106' title='bbox 753 1844 852 1924; x_wconf 79' lang='lat' dir='ltr'>idem</span> <span class='ocrx_word' id='word_1_107' title='bbox 873 1841 1107 1920; x_wconf 75' lang='lat' dir='ltr'>doctissimus</span> 
     </span>
     <span class='ocr_line' id='line_1_15' title="bbox 72 1955 1109 2059; baseline 0.006 -34"><span class='ocrx_word' id='word_1_108' title='bbox 72 1955 288 2050; x_wconf 70' lang='lat' dir='ltr'>(terrendus,</span> <span class='ocrx_word' id='word_1_109' title='bbox 317 1957 482 2039; x_wconf 85' lang='lat' dir='ltr'>inveniet</span> <span class='ocrx_word' id='word_1_110' title='bbox 510 1959 609 2038; x_wconf 83' lang='lat' dir='ltr'>idem</span> <span class='ocrx_word' id='word_1_111' title='bbox 642 1959 742 2059; x_wconf 85' lang='lat' dir='ltr'>quod</span> <span class='ocrx_word' id='word_1_112' title='bbox 772 1955 844 2052; x_wconf 89' lang='lat' dir='ltr'>iile,</span> <span class='ocrx_word' id='word_1_113' title='bbox 872 1979 1017 2056; x_wconf 77' lang='lat' dir='ltr'>nempe,</span> <span class='ocrx_word' id='word_1_114' title='bbox 1046 1977 1109 2032; x_wconf 85' lang='lat' dir='ltr'>em</span> 
     </span>
     <span class='ocr_line' id='line_1_16' title="bbox 71 2069 1110 2174; baseline 0.006 -32"><span class='ocrx_word' id='word_1_115' title='bbox 71 2069 190 2148; x_wconf 73' lang='lat' dir='ltr'>atellae</span> <span class='ocrx_word' id='word_1_116' title='bbox 201 2071 317 2149; x_wconf 79' lang='lat' dir='ltr'>videri</span> <span class='ocrx_word' id='word_1_117' title='bbox 332 2074 400 2150; x_wconf 78' lang='lat' dir='ltr'>rub</span> <span class='ocrx_word' id='word_1_118' title='bbox 417 2075 556 2174; x_wconf 85' lang='lat' dir='ltr'>majore</span> <span class='ocrx_word' id='word_1_119' title='bbox 567 2097 711 2174; x_wconf 79' lang='lat' dir='ltr'>temper</span> <span class='ocrx_word' id='word_1_120' title='bbox 727 2071 862 2172; x_wconf 79' lang='lat' dir='ltr'>angulo</span> <span class='ocrx_word' id='word_1_121' title='bbox 877 2081 987 2172; x_wconf 87' lang='lat' dir='ltr'>prout</span> <span class='ocrx_word' id='word_1_122' title='bbox 999 2093 1110 2170; x_wconf 81' lang='lat' dir='ltr'>nupra</span> 
     </span>
     <span class='ocr_line' id='line_1_17' title="bbox 71 2181 1110 2288; baseline 0.003 -32"><span class='ocrx_word' id='word_1_123' title='bbox 71 2181 297 2262; x_wconf 81' lang='lat' dir='ltr'>horizontem</span> <span class='ocrx_word' id='word_1_124' title='bbox 324 2187 443 2286; x_wconf 80' lang='lat' dir='ltr'>magio</span> <span class='ocrx_word' id='word_1_125' title='bbox 470 2187 671 2268; x_wconf 89' lang='lat' dir='ltr'>elevantur.</span> <span class='ocrx_word' id='word_1_126' title='bbox 723 2185 767 2264; x_wconf 85' lang='lat' dir='ltr'>Id</span> <span class='ocrx_word' id='word_1_127' title='bbox 785 2184 885 2288; x_wconf 86' lang='lat' dir='ltr'>quod</span> <span class='ocrx_word' id='word_1_128' title='bbox 900 2183 1110 2284; x_wconf 75' lang='lat' dir='ltr'>argumenti</span> 
     </span>
     <span class='ocr_line' id='line_1_18' title="bbox 70 2297 1110 2396; baseline 0.004 -26"><span class='ocrx_word' id='word_1_129' title='bbox 70 2297 146 2374; x_wconf 87' lang='lat' dir='ltr'>loeo</span> <span class='ocrx_word' id='word_1_130' title='bbox 163 2311 237 2391; x_wconf 78' lang='lat' dir='ltr'>eat,</span> <span class='ocrx_word' id='word_1_131' title='bbox 254 2299 394 2378; x_wconf 86' lang='lat' dir='ltr'>nnllam</span> <span class='ocrx_word' id='word_1_132' title='bbox 412 2325 491 2378; x_wconf 80' lang='lat' dir='ltr'>eree</span> <span class='ocrx_word' id='word_1_133' title='bbox 509 2299 659 2378; x_wconf 89' lang='lat' dir='ltr'>omnino</span> <span class='ocrx_word' id='word_1_134' title='bbox 676 2301 715 2378; x_wconf 91' lang='lat' dir='ltr'>in</span> <span class='ocrx_word' id='word_1_135' title='bbox 732 2323 777 2376; x_wconf 88' lang='lat' dir='ltr'>ea</span> <span class='ocrx_word' id='word_1_136' title='bbox 792 2299 1036 2396; x_wconf 80' lang='lat' dir='ltr'>atmoaphaera</span> <span class='ocrx_word' id='word_1_137' title='bbox 1052 2321 1110 2374; x_wconf 89' lang='lat' dir='ltr'>re·</span> 
     </span>
     <span class='ocr_line' id='line_1_19' title="bbox 70 2409 1109 2516; baseline 0.002 -32"><span class='ocrx_word' id='word_1_138' title='bbox 70 2409 301 2490; x_wconf 82' lang='lat' dir='ltr'>iraetionenr.</span> <span class='ocrx_word' id='word_1_139' title='bbox 365 2415 462 2492; x_wconf 87' lang='lat' dir='ltr'>Nam</span> <span class='ocrx_word' id='word_1_140' title='bbox 478 2427 618 2516; x_wconf 84' lang='lat' dir='ltr'>punem</span> <span class='ocrx_word' id='word_1_141' title='bbox 636 2415 667 2492; x_wconf 79' lang='lat' dir='ltr'><strong>G</strong></span> <span class='ocrx_word' id='word_1_142' title='bbox 684 2415 828 2514; x_wconf 74' lang='lat' dir='ltr'>(figora</span> <span class='ocrx_word' id='word_1_143' title='bbox 844 2417 884 2510; x_wconf 86' lang='grc'>6)</span> <span class='ocrx_word' id='word_1_144' title='bbox 904 2413 1024 2512; x_wconf 74' lang='lat' dir='ltr'>potito</span> <span class='ocrx_word' id='word_1_145' title='bbox 1041 2435 1109 2512; x_wconf 89' lang='lat' dir='ltr'>pro</span> 
     </span>
     <span class='ocr_line' id='line_1_20' title="bbox 71 2527 1109 2630; baseline 0.007 -35"><span class='ocrx_word' id='word_1_146' title='bbox 71 2537 196 2604; x_wconf 71' lang='lat' dir='ltr'>antro</span> <span class='ocrx_word' id='word_1_147' title='bbox 208 2537 332 2620; x_wconf 81' lang='lat' dir='ltr'>temae,</span> <span class='ocrx_word' id='word_1_148' title='bbox 343 2527 381 2604; x_wconf 91' lang='lat' dir='ltr'>in</span> <span class='ocrx_word' id='word_1_149' title='bbox 398 2529 507 2630; x_wconf 76' lang='lat' dir='ltr'>hujus</span> <span class='ocrx_word' id='word_1_150' title='bbox 524 2529 717 2630; x_wconf 80' lang='lat' dir='ltr'>anperiieie</span> <span class='ocrx_word' id='word_1_151' title='bbox 733 2527 782 2606; x_wconf 77' lang='lat' dir='ltr'>ait</span> <span class='ocrx_word' id='word_1_152' title='bbox 794 2527 922 2606; x_wconf 83' lang='lat' dir='ltr'>otniur</span> <span class='ocrx_word' id='word_1_153' title='bbox 939 2527 980 2620; x_wconf 87' lang='lat' dir='ltr'>F,</span> <span class='ocrx_word' id='word_1_154' title='bbox 999 2537 1039 2604; x_wconf 88' lang='lat' dir='ltr'>et</span> <span class='ocrx_word' id='word_1_155' title='bbox 1048 2549 1109 2602; x_wconf 85' lang='lat' dir='ltr'>eo·</span> 
     </span>
     <span class='ocr_line' id='line_1_21' title="bbox 70 2635 1110 2742; baseline 0.007 -32"><span class='ocrx_word' id='word_1_156' title='bbox 70 2635 150 2714; x_wconf 82' lang='lat' dir='ltr'>‹iorn</span> <span class='ocrx_word' id='word_1_157' title='bbox 168 2639 202 2716; x_wconf 80' lang='lat' dir='ltr'><strong>G</strong></span> <span class='ocrx_word' id='word_1_158' title='bbox 218 2653 348 2718; x_wconf 80' lang='lat' dir='ltr'>centro</span> <span class='ocrx_word' id='word_1_159' title='bbox 366 2641 470 2722; x_wconf 85' lang='lat' dir='ltr'>dneti</span> <span class='ocrx_word' id='word_1_160' title='bbox 493 2643 568 2724; x_wconf 82' lang='lat' dir='ltr'>duo</span> <span class='ocrx_word' id='word_1_161' title='bbox 592 2643 732 2736; x_wconf 75' lang='lat' dir='ltr'>circuli,</span> <span class='ocrx_word' id='word_1_162' title='bbox 749 2643 845 2722; x_wconf 81' lang='lat' dir='ltr'>alter</span> <span class='ocrx_word' id='word_1_163' title='bbox 861 2641 898 2718; x_wconf 92' lang='lat' dir='ltr'>in</span> <span class='ocrx_word' id='word_1_164' title='bbox 917 2639 1110 2742; x_wconf 67' lang='lat' dir='ltr'>superficie</span> 
     </span>
     <span class='ocr_line' id='line_1_22' title="bbox 69 2753 1112 2859; baseline 0.006 -33"><span class='ocrx_word' id='word_1_165' title='bbox 69 2753 205 2830; x_wconf 80' lang='lat' dir='ltr'>extima</span> <span class='ocrx_word' id='word_1_166' title='bbox 214 2757 471 2856; x_wconf 79' lang='lat' dir='ltr'>atmotphaerae</span> <span class='ocrx_word' id='word_1_167' title='bbox 489 2761 551 2859; x_wconf 87' lang='lat' dir='ltr'>qui</span> <span class='ocrx_word' id='word_1_168' title='bbox 566 2759 614 2838; x_wconf 76' lang='lat' dir='ltr'>eit</span> <span class='ocrx_word' id='word_1_169' title='bbox 627 2760 658 2836; x_wconf 82' lang='lat' dir='ltr'><strong>E</strong></span> <span class='ocrx_word' id='word_1_170' title='bbox 670 2759 720 2852; x_wconf 85' lang='lat' dir='ltr'>H,</span> <span class='ocrx_word' id='word_1_171' title='bbox 734 2757 915 2836; x_wconf 78' lang='lat' dir='ltr'>alterAD</span> <span class='ocrx_word' id='word_1_172' title='bbox 928 2757 968 2832; x_wconf 90' lang='lat' dir='ltr'>in</span> <span class='ocrx_word' id='word_1_173' title='bbox 980 2779 1025 2832; x_wconf 86' lang='lat' dir='ltr'>ee</span> <span class='ocrx_word' id='word_1_174' title='bbox 1037 2754 1112 2832; x_wconf 79' lang='lat' dir='ltr'>dis·</span> 
     </span>
     <span class='ocr_line' id='line_1_23' title="bbox 70 2865 1112 2971; baseline 0.009 -32"><span class='ocrx_word' id='word_1_175' title='bbox 70 2865 188 2942; x_wconf 81' lang='lat' dir='ltr'>tantia</span> <span class='ocrx_word' id='word_1_176' title='bbox 203 2869 250 2944; x_wconf 87' lang='lat' dir='ltr'>ab</span> <span class='ocrx_word' id='word_1_177' title='bbox 264 2869 372 2946; x_wconf 83' lang='lat' dir='ltr'>oculo</span> <span class='ocrx_word' id='word_1_178' title='bbox 390 2895 500 2971; x_wconf 89' lang='lat' dir='ltr'>qnam</span> <span class='ocrx_word' id='word_1_179' title='bbox 516 2872 689 2953; x_wconf 84' lang='lat' dir='ltr'>videntur</span> <span class='ocrx_word' id='word_1_180' title='bbox 713 2872 848 2948; x_wconf 82' lang='lat' dir='ltr'>habere</span> <span class='ocrx_word' id='word_1_181' title='bbox 874 2869 988 2948; x_wconf 80' lang='lat' dir='ltr'>stellae</span> <span class='ocrx_word' id='word_1_182' title='bbox 1003 2871 1112 2958; x_wconf 73' lang='lat' dir='ltr'>iixoer</span> 
     </span>
     <span class='ocr_line' id='line_1_24' title="bbox 70 2979 1112 3086; baseline 0.008 -34"><span class='ocrx_word' id='word_1_183' title='bbox 70 2979 191 3078; x_wconf 81' lang='lat' dir='ltr'>aitque</span> <span class='ocrx_word' id='word_1_184' title='bbox 212 2982 286 3058; x_wconf 71' lang='grc' dir='ltr'>ΡΙ)</span> <span class='ocrx_word' id='word_1_185' title='bbox 304 2983 762 3086; x_wconf 62' lang='lat' dir='ltr'>mammaemammal)</span> <span class='ocrx_word' id='word_1_186' title='bbox 781 2983 916 3062; x_wconf 66' lang='lat' dir='ltr'>(liviam</span> <span class='ocrx_word' id='word_1_187' title='bbox 933 2983 1112 3062; x_wconf 78' lang='lat' dir='ltr'>trito-lom</span> 
     </span>
     <span class='ocr_line' id='line_1_25' title="bbox 71 3093 1112 3196; baseline 0.008 -30"><span class='ocrx_word' id='word_1_188' title='bbox 71 3093 181 3170; x_wconf 79' lang='lat' dir='ltr'>rectia</span> <span class='ocrx_word' id='word_1_189' title='bbox 212 3095 296 3188; x_wconf 85' lang='lat' dir='ltr'>FB,</span> <span class='ocrx_word' id='word_1_190' title='bbox 324 3097 404 3174; x_wconf 79' lang='lat' dir='ltr'>FO,</span> <span class='ocrx_word' id='word_1_191' title='bbox 431 3099 671 3176; x_wconf 75' lang='lat' dir='ltr'>Manifestum</span> <span class='ocrx_word' id='word_1_192' title='bbox 704 3111 760 3176; x_wconf 81' lang='lat' dir='ltr'>ert</span> <span class='ocrx_word' id='word_1_193' title='bbox 792 3097 966 3196; x_wconf 78' lang='lat' dir='ltr'>angulum</span> <span class='ocrx_word' id='word_1_194' title='bbox 996 3097 1112 3176; x_wconf 79' lang='lat' dir='ltr'>AFB</span> 
     </span>
     <span class='ocr_line' id='line_1_26' title="bbox 70 3207 1113 3312; baseline 0.008 -32"><span class='ocrx_word' id='word_1_195' title='bbox 70 3207 248 3304; x_wconf 79' lang='lat' dir='ltr'>majorem</span> <span class='ocrx_word' id='word_1_196' title='bbox 273 3233 353 3286; x_wconf 76' lang='lat' dir='ltr'>ease</span> <span class='ocrx_word' id='word_1_197' title='bbox 374 3213 510 3312; x_wconf 73' lang='lat' dir='ltr'>angulo</span> <span class='ocrx_word' id='word_1_198' title='bbox 529 3213 655 3306; x_wconf 85' lang='lat' dir='ltr'>BFC‚</span> <span class='ocrx_word' id='word_1_199' title='bbox 676 3223 715 3290; x_wconf 88' lang='lat' dir='ltr'>et</span> <span class='ocrx_word' id='word_1_200' title='bbox 727 3212 824 3290; x_wconf 83' lang='lat' dir='ltr'>hono</span> <span class='ocrx_word' id='word_1_201' title='bbox 838 3235 964 3288; x_wconf 74' lang='lat' dir='ltr'>rurant</span> <span class='ocrx_word' id='word_1_202' title='bbox 976 3210 1113 3312; x_wconf 71' lang='lat' dir='ltr'>angulo</span> 
     </span>
     <span class='ocr_line' id='line_1_27' title="bbox 71 3319 1115 3422; baseline 0.011 -31"><span class='ocrx_word' id='word_1_203' title='bbox 71 3321 103 3392; x_wconf 83' lang='lat' dir='ltr'>i)</span> <span class='ocrx_word' id='word_1_204' title='bbox 117 3319 199 3414; x_wconf 79' lang='lat' dir='ltr'>FO,</span> <span class='ocrx_word' id='word_1_205' title='bbox 224 3319 335 3422; x_wconf 85' lang='lat' dir='ltr'>idque</span> <span class='ocrx_word' id='word_1_206' title='bbox 353 3325 431 3402; x_wconf 84' lang='lat' dir='ltr'>eine</span> <span class='ocrx_word' id='word_1_207' title='bbox 448 3327 524 3404; x_wconf 85' lang='lat' dir='ltr'>ulla</span> <span class='ocrx_word' id='word_1_208' title='bbox 548 3327 698 3404; x_wconf 88' lang='lat' dir='ltr'>omnino</span> <span class='ocrx_word' id='word_1_209' title='bbox 712 3325 943 3404; x_wconf 75' lang='lat' dir='ltr'>refractione.</span> <span class='ocrx_word' id='word_1_210' title='bbox 995 3325 1115 3404; x_wconf 79' lang='lat' dir='ltr'>Cauta</span> 
     </span>
     <span class='ocr_line' id='line_1_28' title="bbox 71 3433 1115 3538; baseline 0.004 -28"><span class='ocrx_word' id='word_1_211' title='bbox 71 3433 207 3532; x_wconf 76' lang='lat' dir='ltr'>itaque,</span> <span class='ocrx_word' id='word_1_212' title='bbox 232 3459 346 3535; x_wconf 86' lang='lat' dir='ltr'>qnare</span> <span class='ocrx_word' id='word_1_213' title='bbox 372 3451 472 3518; x_wconf 79' lang='lat' dir='ltr'>retra</span> <span class='ocrx_word' id='word_1_214' title='bbox 496 3441 537 3518; x_wconf 89' lang='lat' dir='ltr'>in</span> <span class='ocrx_word' id='word_1_215' title='bbox 562 3439 755 3518; x_wconf 76' lang='lat' dir='ltr'>horizonte</span> <span class='ocrx_word' id='word_1_216' title='bbox 776 3441 918 3538; x_wconf 85' lang='lat' dir='ltr'>majora</span> <span class='ocrx_word' id='word_1_217' title='bbox 936 3449 1115 3538; x_wconf 82' lang='lat' dir='ltr'>apparent</span> 
     </span>
     <span class='ocr_line' id='line_1_29' title="bbox 70 3551 992 3652; baseline 0.011 -34"><span class='ocrx_word' id='word_1_218' title='bbox 70 3569 182 3644; x_wconf 76' lang='lat' dir='ltr'>&lt;pram</span> <span class='ocrx_word' id='word_1_219' title='bbox 196 3571 309 3648; x_wconf 80' lang='lat' dir='ltr'>onpra</span> <span class='ocrx_word' id='word_1_220' title='bbox 325 3551 567 3648; x_wconf 77' lang='lat' dir='ltr'>horizontem,</span> <span class='ocrx_word' id='word_1_221' title='bbox 584 3553 731 3630; x_wconf 79' lang='lat' dir='ltr'>aliunde</span> <span class='ocrx_word' id='word_1_222' title='bbox 748 3551 908 3652; x_wconf 83' lang='lat' dir='ltr'>petenda</span> <span class='ocrx_word' id='word_1_223' title='bbox 925 3563 992 3628; x_wconf 83' lang='lat' dir='ltr'>eat.</span> 
     </span>
    </p>

    <p class='ocr_par' dir='ltr' id='par_1_3' title="bbox 71 3661 1115 3882">
     <span class='ocr_line' id='line_1_30' title="bbox 122 3661 1113 3769; baseline 0.008 -33"><span class='ocrx_word' id='word_1_224' title='bbox 122 3669 160 3736; x_wconf 81' lang='grc'>8.</span> <span class='ocrx_word' id='word_1_225' title='bbox 177 3661 362 3742; x_wconf 85' lang='lat' dir='ltr'>Ponamm</span> <span class='ocrx_word' id='word_1_226' title='bbox 373 3667 501 3769; x_wconf 85' lang='lat' dir='ltr'>itaque</span> <span class='ocrx_word' id='word_1_227' title='bbox 511 3665 881 3768; x_wconf 77' lang='lat' dir='ltr'>atmotphreramnon</span> <span class='ocrx_word' id='word_1_228' title='bbox 891 3689 969 3742; x_wconf 78' lang='lat' dir='ltr'>eene</span> <span class='ocrx_word' id='word_1_229' title='bbox 981 3685 1113 3766; x_wconf 82' lang='lat' dir='ltr'>eorpm</span> 
     </span>
     <span class='ocr_line' id='line_1_31' title="bbox 71 3773 1115 3882; baseline 0.01 -36"><span class='ocrx_word' id='word_1_230' title='bbox 71 3773 357 3874; x_wconf 70' lang='lat' dir='ltr'>homogenenm,</span> <span class='ocrx_word' id='word_1_231' title='bbox 368 3781 433 3858; x_wconf 80' lang='lat' dir='ltr'>aed</span> <span class='ocrx_word' id='word_1_232' title='bbox 444 3781 600 3882; x_wconf 75' lang='lat' dir='ltr'>guttulis</span> <span class='ocrx_word' id='word_1_233' title='bbox 619 3779 902 3882; x_wconf 80' lang='lat' dir='ltr'>pulvitenliaque</span> <span class='ocrx_word' id='word_1_234' title='bbox 915 3803 959 3858; x_wconf 83' lang='lat' dir='ltr'>ex</span> <span class='ocrx_word' id='word_1_235' title='bbox 970 3803 1067 3880; x_wconf 86' lang='lat' dir='ltr'>aqua</span> <span class='ocrx_word' id='word_1_236' title='bbox 1076 3789 1115 3856; x_wconf 84' lang='lat' dir='ltr'>et</span> 
     </span>
    </p>
   </div>
   <div class='ocr_carea' id='block_1_3' title="bbox 1135 503 1289 560">
    <p class='ocr_par' dir='ltr' id='par_1_4' title="bbox 1135 503 1289 560">
     <span class='ocr_line' id='line_1_32' title="bbox 1135 503 1289 560; baseline 0.026 -4"><span class='ocrx_word' id='word_1_237' title='bbox 1135 503 1233 560; x_wconf 66' lang='lat' dir='ltr'>SECT.</span> <span class='ocrx_word' id='word_1_238' title='bbox 1247 503 1289 560; x_wconf 84' lang='lat'>11.</span> 
     </span>
    </p>
   </div>
   <div class='ocr_carea' id='block_1_4' title="bbox 1129 579 1308 1036">
    <p class='ocr_par' dir='ltr' id='par_1_5' title="bbox 1129 579 1308 1036">
     <span class='ocr_line' id='line_1_33' title="bbox 1201 579 1227 636; baseline -0.077 0"><span class='ocrx_word' id='word_1_239' title='bbox 1201 579 1227 636; x_wconf 75' lang='grc'>7.</span> 
     </span>
     <span class='ocr_line' id='line_1_34' title="bbox 1144 649 1288 690; baseline 0 0"><span class='ocrx_word' id='word_1_240' title='bbox 1144 649 1288 690; x_wconf 54' lang='lat' dir='ltr'>*nr-³</span> 
     </span>
     <span class='ocr_line' id='line_1_35' title="bbox 1129 729 1273 782; baseline -0.014 -8"><span class='ocrx_word' id='word_1_241' title='bbox 1129 729 1204 782; x_wconf 80' lang='lat' dir='ltr'>anrt</span> <span class='ocrx_word' id='word_1_242' title='bbox 1214 731 1273 774; x_wconf 71' lang='lat' dir='ltr'>antra</span> 
     </span>
     <span class='ocr_line' id='line_1_36' title="bbox 1129 793 1306 854; baseline -0.011 -16"><span class='ocrx_word' id='word_1_243' title='bbox 1129 807 1196 854; x_wconf 69' lang='lat' dir='ltr'>potore</span> <span class='ocrx_word' id='word_1_244' title='bbox 1206 793 1306 838; x_wconf 69' lang='lat' dir='ltr'>nono</span> 
     </span>
     <span class='ocr_line' id='line_1_37' title="bbox 1130 857 1308 918; baseline -0.011 -14"><span class='ocrx_word' id='word_1_245' title='bbox 1130 865 1172 904; x_wconf 72' lang='lat' dir='ltr'>vnn</span> <span class='ocrx_word' id='word_1_246' title='bbox 1183 857 1265 918; x_wconf 69' lang='lat' dir='ltr'>malon</span> <span class='ocrx_word' id='word_1_247' title='bbox 1273 871 1308 916; x_wconf 80' lang='lat' dir='ltr'>ap</span> 
     </span>
     <span class='ocr_line' id='line_1_38' title="bbox 1129 929 1286 984; baseline -0.006 -15"><span class='ocrx_word' id='word_1_248' title='bbox 1129 929 1206 984; x_wconf 67' lang='lat' dir='ltr'>parent</span> <span class='ocrx_word' id='word_1_249' title='bbox 1220 935 1286 982; x_wconf 65' lang='lat' dir='ltr'>alnam</span> 
     </span>
     <span class='ocr_line' id='line_1_39' title="bbox 1130 987 1279 1036; baseline -0.027 0"><span class='ocrx_word' id='word_1_250' title='bbox 1130 987 1279 1036; x_wconf 70' lang='lat' dir='ltr'>minimae</span> 
     </span>
    </p>
   </div>
   <div class='ocr_carea' id='block_1_5' title="bbox 72 3888 1163 3996">
    <p class='ocr_par' dir='ltr' id='par_1_6' title="bbox 72 3888 1163 3996">
     <span class='ocr_line' id='line_1_40' title="bbox 72 3888 1163 3996; baseline 0.011 -37"><span class='ocrx_word' id='word_1_251' title='bbox 72 3899 174 3964; x_wconf 70' lang='lat' dir='ltr'>terrra</span> <span class='ocrx_word' id='word_1_252' title='bbox 190 3891 343 3970; x_wconf 68' lang='lat' dir='ltr'>elevatio</span> <span class='ocrx_word' id='word_1_253' title='bbox 359 3895 631 3996; x_wconf 72' lang='lat' dir='ltr'>interspersum,</span> <span class='ocrx_word' id='word_1_254' title='bbox 647 3895 770 3994; x_wconf 85' lang='lat' dir='ltr'>qualia</span> <span class='ocrx_word' id='word_1_255' title='bbox 783 3904 1034 3995; x_wconf 75' lang='lat' dir='ltr'>corporatum</span> <span class='ocrx_word' id='word_1_256' title='bbox 1049 3917 1114 3970; x_wconf 90' lang='lat' dir='ltr'>ne·</span> <span class='ocrx_word' id='word_1_257' title='bbox 1159 3888 1163 3896; x_wconf 82' lang='grc'>’</span> 
     </span>
    </p>
   </div>
   <div class='ocr_carea' id='block_1_6' title="bbox 71 4001 1117 4342">
    <p class='ocr_par' dir='ltr' id='par_1_7' title="bbox 71 4001 1117 4342">
     <span class='ocr_line' id='line_1_41' title="bbox 72 4001 1088 4108; baseline 0.011 -35"><span class='ocrx_word' id='word_1_258' title='bbox 72 4001 183 4096; x_wconf 74' lang='lat' dir='ltr'>onim,</span> <span class='ocrx_word' id='word_1_259' title='bbox 201 4029 359 4104; x_wconf 70' lang='lat' dir='ltr'>(puerum</span> <span class='ocrx_word' id='word_1_260' title='bbox 372 4009 453 4086; x_wconf 80' lang='lat' dir='ltr'>aliar</span> <span class='ocrx_word' id='word_1_261' title='bbox 470 4009 600 4108; x_wconf 74' lang='lat' dir='ltr'>magio,</span> <span class='ocrx_word' id='word_1_262' title='bbox 618 4009 699 4086; x_wconf 83' lang='lat' dir='ltr'>aiiae</span> <span class='ocrx_word' id='word_1_263' title='bbox 716 4019 803 4084; x_wconf 72' lang='lat' dir='ltr'>aunt</span> <span class='ocrx_word' id='word_1_264' title='bbox 819 4007 939 4084; x_wconf 82' lang='lat' dir='ltr'>minna</span> <span class='ocrx_word' id='word_1_265' title='bbox 952 4007 1088 4106; x_wconf 78' lang='lat' dir='ltr'>apimae.</span> 
     </span>
     <span class='ocr_line' id='line_1_42' title="bbox 121 4121 1115 4226; baseline -0.01 -20"><span class='ocrx_word' id='word_1_266' title='bbox 121 4131 220 4212; x_wconf 67' lang='lat' dir='ltr'>iam,</span> <span class='ocrx_word' id='word_1_267' title='bbox 246 4123 421 4226; x_wconf 81' lang='lat' dir='ltr'>qnmriam</span> <span class='ocrx_word' id='word_1_268' title='bbox 444 4135 544 4200; x_wconf 78' lang='lat' dir='ltr'>notra</span> <span class='ocrx_word' id='word_1_269' title='bbox 568 4121 703 4218; x_wconf 87' lang='lat' dir='ltr'>omnia,</span> <span class='ocrx_word' id='word_1_270' title='bbox 730 4131 806 4198; x_wconf 84' lang='lat' dir='ltr'>tam</span> <span class='ocrx_word' id='word_1_271' title='bbox 834 4147 878 4198; x_wconf 88' lang='lat' dir='ltr'>ea</span> <span class='ocrx_word' id='word_1_272' title='bbox 902 4145 984 4220; x_wconf 83' lang='lat' dir='ltr'>quae</span> <span class='ocrx_word' id='word_1_273' title='bbox 1006 4131 1115 4196; x_wconf 81' lang='lat' dir='ltr'>terrra</span> 
     </span>
     <span class='ocr_line' id='line_1_43' title="bbox 71 4235 1117 4342; baseline -0.006 -24"><span class='ocrx_word' id='word_1_274' title='bbox 71 4243 244 4342; x_wconf 81' lang='lat' dir='ltr'>proxima</span> <span class='ocrx_word' id='word_1_275' title='bbox 259 4261 371 4340; x_wconf 84' lang='lat' dir='ltr'>quam</span> <span class='ocrx_word' id='word_1_276' title='bbox 388 4261 433 4316; x_wconf 85' lang='lat' dir='ltr'>ea</span> <span class='ocrx_word' id='word_1_277' title='bbox 449 4259 532 4340; x_wconf 78' lang='lat' dir='ltr'>qun</span> <span class='ocrx_word' id='word_1_278' title='bbox 548 4235 792 4314; x_wconf 68' lang='lat' dir='ltr'>remotissima</span> <span class='ocrx_word' id='word_1_279' title='bbox 813 4245 912 4332; x_wconf 78' lang='lat' dir='ltr'>runt,</span> <span class='ocrx_word' id='word_1_280' title='bbox 937 4245 1117 4336; x_wconf 84' lang='lat' dir='ltr'>apparent</span> 
     </span>
    </p>
   </div>
   <div class='ocr_carea' id='block_1_7' title="bbox 0 0 1436 4924">
    <p class='ocr_par' dir='ltr' id='par_1_8' title="bbox 0 0 1436 4924">
     <span class='ocr_line' id='line_1_44' title="bbox 0 0 1436 4924; baseline 0 0"><span class='ocrx_word' id='word_1_281' title='bbox 0 0 1436 4924; x_wconf 95' lang='lat' dir='ltr'> </span> 
     </span>
    </p>
   </div>
  </div>
 </body>
</html>
