2904 4916
118 283 391 336 couuunnnro
408 281 800 336 soacrnnunrnruu
814 279 1037 335 c1v1unrrs.
1064 265 1135 343 271

1114 375 1126 402 .

92 451 320 526 necabantur
338 451 479 540 Romae,
506 461 684 548 tanquam
701 473 856 546 regnum
874 448 1141 537 affectaverint,
1172 481 1268 532 sacr,
1284 481 1335 532 ιιι,

93 566 153 662 qui
169 565 289 662 plebis
305 564 471 639 favorem
487 565 687 661 captabant
713 562 913 638 beneficiis.
966 564 1076 636 Pares
1103 562 1142 635 in
1182 559 1326 665 „IL

92 681 160 753 hoc
180 679 415 752 democratia
429 689 468 752 et
482 677 712 764 monarchia,
726 677 884 774 impares
902 689 1028 751 tomen
1043 676 1143 751 fama

91 792 266 865 fuerrmt:
294 791 381 888 quia
396 790 495 864 fama
512 815 535 863 a
550 789 688 886 populo
706 801 787 874 est;
815 803 853 864 et
870 789 1005 887 quoda
1017 789 1142 864 multis

92 907 144 995 fit,
164 929 189 978 a
201 904 327 977 multis
344 902 528 994 laudatur,
581 902 744 999 Ideoque
758 901 897 977 invidia
912 902 952 976 in
967 903 1143 977 virtutem

94 1043 222 1092 eorum
247 1016 390 1090 facturn
413 1039 492 1090 esse
520 1015 667 1105 dicitur,
693 1014 726 1087 si
751 1014 894 1088 faciunt
921 1016 1143 1107 monarcha,

93 1131 239 1229 quodsi
255 1131 508 1204 factumesset
533 1155 556 1202 a
565 1127 724 1229 popolo,
736 1129 868 1226 politia
885 1141 992 1204 esset.

142 1253 179 1319 8.
208 1245 305 1320 Sunt
331 1244 394 1341 qui
425 1243 508 1316 ideo
536 1241 790 1316 monarchiam
824 1243 1058 1318 democratia
1087 1243 1145 1317 in·
1157 1249 1340 1296 firmi*

1115 1359 1123 1374 ‚
1156 1315 1311 1374 gulorumncu
1318 1315 1347 1358 ml

93 1357 382 1434 commodiorem
409 1367 555 1455 putent,
585 1354 687 1452 quod
710 1355 793 1431 iilic
821 1357 942 1432 minus
962 1358 1231 1432 libertatrsnoam
1250 1393 1297 1424 aa
1313 1341 1356 1422 aa

94 1473 140 1546 sit
158 1496 272 1569 quam
289 1470 362 1544 hic.
417 1469 456 1544 Si
473 1493 540 1566 per
556 1467 771 1542 libertatem
798 1470 1006 1569 intelligant
1023 1495 1145 1546 exem·
1155 1445 1355 1568 mmm

93 1587 236 1660 tionem
253 1609 277 1658 a
294 1584 531 1681 subjectione,
549 1606 633 1680 quae
648 1583 803 1678 legibue,
819 1585 891 1658 hoc
909 1597 978 1674 cst,
995 1584 1146 1658 manda·

94 1701 141 1774 tis
167 1698 325 1773 debetur
340 1695 492 1797 populi,
511 1719 631 1792 neque
649 1695 687 1769 in
706 1693 952 1788 democratia,
969 1721 1089 1796 neque
1107 1698 1146 1773 in

95 1813 167 1887 alio
186 1822 287 1887 statu
305 1809 465 1884 civitatis
483 1832 703 1907 quocunque
721 1809 797 1882 ulla
814 1811 965 1885 omnino
985 1810 1146 1885 libertae

96 1939 165 2000 est.
220 1926 261 1999 Si
288 1924 502 1998 libertatem
524 1923 563 1997 in
581 1947 625 1996 eo
643 1923 751 1996 situm
769 1947 847 1998 esse
865 1923 1087 2023 intelligant,
1105 1935 1148 2000 ut

94 2063 226 2137 paucae
244 2039 319 2112 sint
345 2037 457 2134 legen,
475 2060 594 2132 pauca
610 2035 738 2126 vetita,
757 2046 795 2111 et
813 2061 857 2112 ea
872 2038 962 2112 talia
978 2063 1060 2136 quae
1077 2039 1148 2114 nisi

94 2163 281 2242 vetentur,
296 2174 372 2224 non
389 2149 438 2222 sit
450 2173 536 2246 pax,
554 2159 643 2222 tunc
657 2148 846 2247 negoplus
857 2174 937 2224 esse
954 2151 1148 2226 libertatis
1186 2233 1194 2246 ,

96 2267 135 2340 in
153 2263 391 2340 democratia
409 2287 520 2360 quam
543 2263 582 2336 in
612 2263 843 2338 monarchia.
896 2266 1022 2340 Potest
1050 2267 1149 2340 enim

96 2405 172 2455 non
189 2379 313 2452 minus
339 2378 420 2451 haec
451 2400 562 2474 quam
591 2375 654 2450 illa
671 2399 757 2449 cum
778 2376 845 2450 tali
860 2377 1030 2452 libertate
1047 2390 1149 2454 recte

97 2493 314 2568 consistere.
364 2490 445 2564 Etsi
467 2489 566 2562 enim
591 2489 709 2585 portis
735 2489 971 2588 turribusque
989 2491 1149 2567 civitatis

98 2609 352 2705 cujuscunque
379 2602 653 2677 characteribus
681 2603 916 2700 quantumvis
940 2603 1071 2702 amplis
1101 2605 1150 2680 o·-

98 2721 231 2795 bortae
254 2717 488 2808 inscribatur,
516 2741 592 2790 non
620 2727 677 2790 est
704 2739 749 2789 ea
775 2717 1027 2816 cujuscunque
1055 2719 1150 2792 cinis

98 2833 163 2908 sed
192 2829 365 2907 civitatis
383 2829 557 2914 libertas;
583 2851 704 2926 neque
729 2829 871 2904 meliori
897 2833 980 2928 jure
997 2833 1151 2906 verbum

98 2947 191 3021 illud
210 2943 353 3020 civitati
370 2942 595 3032 inscribitur,
615 2966 698 3039 quae
718 2967 742 3016 a
757 2942 917 3041 popolo,
939 2969 1050 3044 quam
1067 2970 1151 3043 quae

98 3085 122 3134 a
139 3057 345 3134 monarcha
371 3056 523 3153 regitur.
577 3055 652 3130 Sed
668 3057 816 3153 quando
834 3058 932 3132 cives
948 3059 1095 3156 privati,
1112 3059 1153 3134 id

100 3184 168 3263 est,
196 3169 335 3246 subditi
361 3170 570 3244 libertatem
599 3181 769 3267 poscunt,
796 3171 943 3246 nomine
970 3173 1153 3248 libertatis

100 3312 178 3361 non
209 3284 436 3374 libertatem,
456 3283 521 3358 sed
548 3282 748 3357 domininm
771 3297 953 3380 poscunt3
980 3287 1080 3384 quod
1097 3298 1153 3362 ta·

100 3425 187 3474 men
204 3422 284 3496 prae
301 3395 447 3470 inscitia
462 3396 614 3469 minime
635 3396 944 3474 animadvertunt.
998 3401 1037 3474 Si
1055 3402 1154 3476 enim

101 3537 215 3610 quam
225 3511 434 3585 libertatem
447 3509 602 3606 quisque
616 3508 685 3582 sibi
695 3511 847 3606 expetit,
862 3512 1029 3604 eandem,
1042 3527 1155 3612 prout

101 3627 184 3723 lege
201 3637 346 3699 naturae
362 3635 589 3720 praeceptum
602 3633 669 3714 est,
681 3623 761 3698 aliis
772 3627 1003 3719 concederet,
1015 3628 1154 3703 rediret

101 3741 165 3812 ille
193 3749 311 3814 status
337 3737 527 3824 naturalis,
553 3737 591 3810 in
619 3760 692 3833 quo
727 3763 854 3812 omnes
882 3743 966 3838 jure
998 3751 1155 3838 possunt

103 3852 251 3938 omnia;
279 3875 388 3949 quern
405 3862 448 3924 ut
474 3850 574 3924 omni
600 3850 827 3948 subjectione
857 3852 956 3928 civili
976 3857 1153 3952 pejorem,

103 3967 139 4040 si
165 3967 312 4056 scirent,
341 3975 570 4061 respuerent.
623 3963 697 4038 Sed
725 3964 756 4037 si
786 3965 866 4061 quis
894 3964 1050 4042 liberum
1074 3991 1154 4042 esse

103 4080 226 4155 solum
251 4087 391 4177 poscat,
416 4079 558 4153 caeteris
584 4077 782 4169 obstrictis,
800 4079 890 4175 quid
916 4079 1016 4154 aliud
1044 4105 1155 4178 quam

103 4194 306 4268 dominium
324 4191 471 4290 poscit?
525 4191 623 4266 Nam
642 4191 706 4288 qui
724 4191 864 4268 solutus
883 4205 938 4268 est
956 4195 1057 4269 omni
1074 4195 1154 4269 vin-
