<?xml version="1.0" encoding="UTF-8"?>
<!DOCTYPE html PUBLIC "-//W3C//DTD XHTML 1.0 Transitional//EN"
    "http://www.w3.org/TR/xhtml1/DTD/xhtml1-transitional.dtd">
<html xmlns="http://www.w3.org/1999/xhtml" xml:lang="en" lang="en">
 <head>
  <title>
</title>
<meta http-equiv="Content-Type" content="text/html;charset=utf-8" />
  <meta name='ocr-system' content='tesseract 3.04.00' />
  <meta name='ocr-capabilities' content='ocr_page ocr_carea ocr_par ocr_line ocrx_word'/>
</head>
<body>
  <div class='ocr_page' id='page_1' title='image "./thomhobbesmalme09hobbgoog_0041.png"; bbox 0 0 2896 4914; ppageno 0'>
   <div class='ocr_carea' id='block_1_1' title="bbox 304 284 939 362">
    <p class='ocr_par' dir='ltr' id='par_1_1' title="bbox 304 284 939 362">
     <span class='ocr_line' id='line_1_1' title="bbox 304 284 939 362; baseline 0.008 -5"><span class='ocrx_word' id='word_1_1' title='bbox 304 284 352 357; x_wconf 76' lang='lat'>26</span> <span class='ocrx_word' id='word_1_2' title='bbox 685 303 739 360; x_wconf 80' lang='lat' dir='ltr'>ou</span> <span class='ocrx_word' id='word_1_3' title='bbox 758 299 939 362; x_wconf 78' lang='lat' dir='ltr'>nummu.</span> 
     </span>
    </p>
   </div>
   <div class='ocr_carea' id='block_1_2' title="bbox 43 472 1425 4345">
    <p class='ocr_par' dir='ltr' id='par_1_2' title="bbox 44 472 1337 574">
     <span class='ocr_line' id='line_1_2' title="bbox 44 472 1337 574; baseline 0.007 -28"><span class='ocrx_word' id='word_1_4' title='bbox 44 511 47 546; x_wconf 80' lang='grc'><strong>;</strong></span> <span class='ocrx_word' id='word_1_5' title='bbox 119 501 215 557; x_wconf 83' lang='lat' dir='ltr'>sacr.</span> <span class='ocrx_word' id='word_1_6' title='bbox 230 505 268 556; x_wconf 89' lang='lat' dir='ltr'>u.</span> <span class='ocrx_word' id='word_1_7' title='bbox 303 472 414 549; x_wconf 89' lang='lat' dir='ltr'>lutior</span> <span class='ocrx_word' id='word_1_8' title='bbox 431 495 541 574; x_wconf 89' lang='lat' dir='ltr'>quam</span> <span class='ocrx_word' id='word_1_9' title='bbox 561 486 675 551; x_wconf 90' lang='lat' dir='ltr'>noctu</span> <span class='ocrx_word' id='word_1_10' title='bbox 699 475 896 568; x_wconf 85' lang='lat' dir='ltr'>videretur,</span> <span class='ocrx_word' id='word_1_11' title='bbox 922 476 1032 551; x_wconf 91' lang='lat' dir='ltr'>etiam</span> <span class='ocrx_word' id='word_1_12' title='bbox 1049 477 1088 551; x_wconf 93' lang='lat' dir='ltr'>in</span> <span class='ocrx_word' id='word_1_13' title='bbox 1106 476 1234 553; x_wconf 89' lang='lat' dir='ltr'>eadem</span> <span class='ocrx_word' id='word_1_14' title='bbox 1251 481 1337 556; x_wconf 85' lang='lat' dir='ltr'>coeli</span> 
     </span>
    </p>

    <p class='ocr_par' dir='ltr' id='par_1_3' title="bbox 43 583 1336 690">
     <span class='ocr_line' id='line_1_3' title="bbox 43 583 1336 690; baseline 0.005 -26"><span class='ocrx_word' id='word_1_15' title='bbox 43 597 46 654; x_wconf 70' lang='grc' dir='ltr'>ἓ</span> <span class='ocrx_word' id='word_1_16' title='bbox 103 583 262 690; x_wconf 35' lang='grc' dir='ltr'>μζ,</span> <span class='ocrx_word' id='word_1_17' title='bbox 302 599 418 687; x_wconf 85' lang='lat' dir='ltr'>parte.</span> <span class='ocrx_word' id='word_1_18' title='bbox 469 591 575 664; x_wconf 86' lang='lat' dir='ltr'>Mota</span> <span class='ocrx_word' id='word_1_19' title='bbox 603 591 700 664; x_wconf 90' lang='lat' dir='ltr'>enim</span> <span class='ocrx_word' id='word_1_20' title='bbox 726 592 803 688; x_wconf 90' lang='lat' dir='ltr'>jam</span> <span class='ocrx_word' id='word_1_21' title='bbox 830 601 914 664; x_wconf 88' lang='lat' dir='ltr'>unte</span> <span class='ocrx_word' id='word_1_22' title='bbox 940 615 962 665; x_wconf 88' lang='lat' dir='ltr'>a</span> <span class='ocrx_word' id='word_1_23' title='bbox 984 591 1175 688; x_wconf 86' lang='lat' dir='ltr'>splendore</span> <span class='ocrx_word' id='word_1_24' title='bbox 1203 593 1336 670; x_wconf 89' lang='lat' dir='ltr'>diurno</span> 
     </span>
    </p>

    <p class='ocr_par' dir='ltr' id='par_1_4' title="bbox 95 703 1336 806">
     <span class='ocr_line' id='line_1_4' title="bbox 95 703 1336 806; baseline 0.009 -35"><span class='ocrx_word' id='word_1_25' title='bbox 95 727 234 806; x_wconf 54' lang='lat' dir='ltr'>inlaqueat</span> <span class='ocrx_word' id='word_1_26' title='bbox 302 703 450 779; x_wconf 83' lang='lat' dir='ltr'>visionis</span> <span class='ocrx_word' id='word_1_27' title='bbox 468 729 606 802; x_wconf 84' lang='lat' dir='ltr'>organa</span> <span class='ocrx_word' id='word_1_28' title='bbox 622 705 670 780; x_wconf 90' lang='lat' dir='ltr'>ad</span> <span class='ocrx_word' id='word_1_29' title='bbox 686 713 827 780; x_wconf 90' lang='lat' dir='ltr'>motum</span> <span class='ocrx_word' id='word_1_30' title='bbox 846 705 1095 803; x_wconf 89' lang='lat' dir='ltr'>recipiendum</span> <span class='ocrx_word' id='word_1_31' title='bbox 1112 731 1134 780; x_wconf 91' lang='lat' dir='ltr'>a</span> <span class='ocrx_word' id='word_1_32' title='bbox 1150 707 1262 782; x_wconf 90' lang='lat' dir='ltr'>radiis</span> <span class='ocrx_word' id='word_1_33' title='bbox 1279 710 1336 783; x_wconf 93' lang='lat' dir='ltr'>lu-</span> 
     </span>
    </p>

    <p class='ocr_par' dir='ltr' id='par_1_5' title="bbox 93 793 1335 917">
     <span class='ocr_line' id='line_1_5' title="bbox 93 793 1335 917; baseline 0.005 -26"><span class='ocrx_word' id='word_1_34' title='bbox 93 793 450 916; x_wconf 52' lang='lat' dir='ltr'>ffilssffffnaribus</span> <span class='ocrx_word' id='word_1_35' title='bbox 483 821 800 917; x_wconf 78' lang='lat' dir='ltr'>supervenientem</span> <span class='ocrx_word' id='word_1_36' title='bbox 832 820 948 916; x_wconf 83' lang='lat' dir='ltr'>magis</span> <span class='ocrx_word' id='word_1_37' title='bbox 989 821 1252 895; x_wconf 78' lang='lat' dir='ltr'>contumaciter</span> <span class='ocrx_word' id='word_1_38' title='bbox 1296 845 1335 898; x_wconf 90' lang='lat' dir='ltr'>se</span> 
     </span>
    </p>

    <p class='ocr_par' dir='ltr' id='par_1_6' title="bbox 94 925 1334 2036">
     <span class='ocr_line' id='line_1_6' title="bbox 94 925 1334 1033; baseline 0.003 -26"><span class='ocrx_word' id='word_1_39' title='bbox 94 925 284 984; x_wconf 49' lang='lat' dir='ltr'>ff‘lwm</span> <span class='ocrx_word' id='word_1_40' title='bbox 301 934 449 1008; x_wconf 87' lang='lat' dir='ltr'>habent.</span> <span class='ocrx_word' id='word_1_41' title='bbox 501 935 628 1033; x_wconf 88' lang='lat' dir='ltr'>Itaque</span> <span class='ocrx_word' id='word_1_42' title='bbox 654 935 741 1009; x_wconf 94' lang='lat' dir='ltr'>dum</span> <span class='ocrx_word' id='word_1_43' title='bbox 760 935 849 1009; x_wconf 88' lang='lat' dir='ltr'>luna</span> <span class='ocrx_word' id='word_1_44' title='bbox 865 933 1018 1008; x_wconf 85' lang='lat' dir='ltr'>debilius</span> <span class='ocrx_word' id='word_1_45' title='bbox 1044 935 1133 1032; x_wconf 81' lang='lat' dir='ltr'>agit,</span> <span class='ocrx_word' id='word_1_46' title='bbox 1161 945 1334 1012; x_wconf 83' lang='lat' dir='ltr'>extremae</span> 
     </span>
     <span class='ocr_line' id='line_1_7' title="bbox 302 1046 1334 1145; baseline 0.004 -24"><span class='ocrx_word' id='word_1_47' title='bbox 302 1049 380 1144; x_wconf 86' lang='lat' dir='ltr'>ejus</span> <span class='ocrx_word' id='word_1_48' title='bbox 391 1060 515 1145; x_wconf 86' lang='lat' dir='ltr'>partes</span> <span class='ocrx_word' id='word_1_49' title='bbox 529 1049 733 1124; x_wconf 89' lang='lat' dir='ltr'>sensionem</span> <span class='ocrx_word' id='word_1_50' title='bbox 744 1049 864 1123; x_wconf 88' lang='lat' dir='ltr'>minus</span> <span class='ocrx_word' id='word_1_51' title='bbox 879 1046 1213 1122; x_wconf 72' lang='lat' dir='ltr'>efficiunt&#39;interdiu</span> <span class='ocrx_word' id='word_1_52' title='bbox 1224 1074 1334 1145; x_wconf 90' lang='lat' dir='ltr'>quam</span> 
     </span>
     <span class='ocr_line' id='line_1_8' title="bbox 301 1161 1333 1260; baseline 0.005 -26"><span class='ocrx_word' id='word_1_53' title='bbox 301 1169 414 1235; x_wconf 88' lang='lat' dir='ltr'>noctu</span> <span class='ocrx_word' id='word_1_54' title='bbox 429 1191 439 1247; x_wconf 86' lang='lat'>;</span> <span class='ocrx_word' id='word_1_55' title='bbox 464 1171 502 1236; x_wconf 88' lang='lat' dir='ltr'>et</span> <span class='ocrx_word' id='word_1_56' title='bbox 522 1170 715 1260; x_wconf 89' lang='lat' dir='ltr'>propterea</span> <span class='ocrx_word' id='word_1_57' title='bbox 731 1163 825 1236; x_wconf 89' lang='lat' dir='ltr'>sicut</span> <span class='ocrx_word' id='word_1_58' title='bbox 841 1169 960 1235; x_wconf 89' lang='lat' dir='ltr'>turres</span> <span class='ocrx_word' id='word_1_59' title='bbox 985 1161 1171 1257; x_wconf 70' lang='lat' dir='ltr'>quadratae</span> <span class='ocrx_word' id='word_1_60' title='bbox 1189 1162 1333 1240; x_wconf 86' lang='lat' dir='ltr'>detritis</span> 
     </span>
     <span class='ocr_line' id='line_1_9' title="bbox 301 1276 1334 1375; baseline 0.005 -27"><span class='ocrx_word' id='word_1_61' title='bbox 301 1276 443 1373; x_wconf 82' lang='lat' dir='ltr'>angulis</span> <span class='ocrx_word' id='word_1_62' title='bbox 473 1293 650 1374; x_wconf 79' lang='lat' dir='ltr'>apparent</span> <span class='ocrx_word' id='word_1_63' title='bbox 679 1303 700 1351; x_wconf 93' lang='lat' dir='ltr'>e</span> <span class='ocrx_word' id='word_1_64' title='bbox 727 1277 927 1375; x_wconf 85' lang='lat' dir='ltr'>longinquo</span> <span class='ocrx_word' id='word_1_65' title='bbox 954 1276 1136 1364; x_wconf 80' lang='lat' dir='ltr'>rotundae,</span> <span class='ocrx_word' id='word_1_66' title='bbox 1167 1277 1219 1350; x_wconf 91' lang='lat' dir='ltr'>ita</span> <span class='ocrx_word' id='word_1_67' title='bbox 1245 1276 1334 1353; x_wconf 89' lang='lat' dir='ltr'>luna</span> 
     </span>
     <span class='ocr_line' id='line_1_10' title="bbox 300 1389 1331 1487; baseline 0.004 -25"><span class='ocrx_word' id='word_1_68' title='bbox 300 1389 387 1464; x_wconf 87' lang='lat' dir='ltr'>licat</span> <span class='ocrx_word' id='word_1_69' title='bbox 396 1390 565 1482; x_wconf 90' lang='lat' dir='ltr'>rotunda,</span> <span class='ocrx_word' id='word_1_70' title='bbox 576 1391 719 1465; x_wconf 89' lang='lat' dir='ltr'>detritis</span> <span class='ocrx_word' id='word_1_71' title='bbox 733 1390 1022 1465; x_wconf 82' lang='lat' dir='ltr'>extremitatibus</span> <span class='ocrx_word' id='word_1_72' title='bbox 1036 1399 1187 1487; x_wconf 88' lang='lat' dir='ltr'>apparet</span> <span class='ocrx_word' id='word_1_73' title='bbox 1199 1392 1331 1467; x_wconf 91' lang='lat' dir='ltr'>minor.</span> 
     </span>
     <span class='ocr_line' id='line_1_11' title="bbox 299 1501 1332 1601; baseline 0.003 -23"><span class='ocrx_word' id='word_1_74' title='bbox 299 1504 438 1578; x_wconf 88' lang='lat' dir='ltr'>Eadem</span> <span class='ocrx_word' id='word_1_75' title='bbox 464 1515 586 1579; x_wconf 90' lang='lat' dir='ltr'>autem</span> <span class='ocrx_word' id='word_1_76' title='bbox 611 1513 692 1579; x_wconf 85' lang='lat' dir='ltr'>tota</span> <span class='ocrx_word' id='word_1_77' title='bbox 718 1501 866 1578; x_wconf 90' lang='lat' dir='ltr'>dilutior</span> <span class='ocrx_word' id='word_1_78' title='bbox 891 1511 1041 1601; x_wconf 89' lang='lat' dir='ltr'>apparet</span> <span class='ocrx_word' id='word_1_79' title='bbox 1062 1511 1213 1601; x_wconf 92' lang='lat' dir='ltr'>propter</span> <span class='ocrx_word' id='word_1_80' title='bbox 1230 1505 1332 1580; x_wconf 91' lang='lat' dir='ltr'>debi-</span> 
     </span>
     <span class='ocr_line' id='line_1_12' title="bbox 298 1617 1332 1716; baseline 0.001 -24"><span class='ocrx_word' id='word_1_81' title='bbox 298 1619 439 1693; x_wconf 77' lang='lat' dir='ltr'>litatem</span> <span class='ocrx_word' id='word_1_82' title='bbox 456 1619 621 1709; x_wconf 87' lang='lat' dir='ltr'>actionis,</span> <span class='ocrx_word' id='word_1_83' title='bbox 648 1642 730 1716; x_wconf 86' lang='lat' dir='ltr'>quae</span> <span class='ocrx_word' id='word_1_84' title='bbox 746 1617 862 1693; x_wconf 91' lang='lat' dir='ltr'>oritur</span> <span class='ocrx_word' id='word_1_85' title='bbox 877 1641 921 1691; x_wconf 85' lang='lat' dir='ltr'>ex</span> <span class='ocrx_word' id='word_1_86' title='bbox 937 1618 1255 1714; x_wconf 85' lang='lat' dir='ltr'>praeoccupatione</span> <span class='ocrx_word' id='word_1_87' title='bbox 1273 1644 1332 1693; x_wconf 93' lang='lat' dir='ltr'>or-</span> 
     </span>
     <span class='ocr_line' id='line_1_13' title="bbox 298 1731 1332 1831; baseline -0.001 -23"><span class='ocrx_word' id='word_1_88' title='bbox 298 1757 477 1830; x_wconf 86' lang='lat' dir='ltr'>ganorum</span> <span class='ocrx_word' id='word_1_89' title='bbox 489 1758 511 1808; x_wconf 86' lang='lat' dir='ltr'>a</span> <span class='ocrx_word' id='word_1_90' title='bbox 524 1733 716 1831; x_wconf 84' lang='lat' dir='ltr'>splendore</span> <span class='ocrx_word' id='word_1_91' title='bbox 729 1731 860 1807; x_wconf 76' lang='lat' dir='ltr'>ditono</span> <span class='ocrx_word' id='word_1_92' title='bbox 873 1755 882 1805; x_wconf 78' lang='lat' dir='ltr'>t</span> <span class='ocrx_word' id='word_1_93' title='bbox 897 1731 1205 1830; x_wconf 86' lang='lat' dir='ltr'>quemadmodum</span> <span class='ocrx_word' id='word_1_94' title='bbox 1220 1734 1332 1807; x_wconf 89' lang='lat' dir='ltr'>etiam</span> 
     </span>
     <span class='ocr_line' id='line_1_14' title="bbox 298 1846 1331 1944; baseline 0.001 -23"><span class='ocrx_word' id='word_1_95' title='bbox 298 1849 471 1944; x_wconf 88' lang='lat' dir='ltr'>strepitus</span> <span class='ocrx_word' id='word_1_96' title='bbox 482 1847 633 1923; x_wconf 91' lang='lat' dir='ltr'>diurnus</span> <span class='ocrx_word' id='word_1_97' title='bbox 642 1846 743 1938; x_wconf 89' lang='lat' dir='ltr'>facit,</span> <span class='ocrx_word' id='word_1_98' title='bbox 753 1853 796 1922; x_wconf 94' lang='lat' dir='ltr'>ut</span> <span class='ocrx_word' id='word_1_99' title='bbox 808 1847 888 1921; x_wconf 89' lang='lat' dir='ltr'>soni</span> <span class='ocrx_word' id='word_1_100' title='bbox 901 1867 1094 1944; x_wconf 90' lang='lat' dir='ltr'>corporum</span> <span class='ocrx_word' id='word_1_101' title='bbox 1104 1846 1331 1944; x_wconf 86' lang='lat' dir='ltr'>singulorum</span> 
     </span>
     <span class='ocr_line' id='line_1_15' title="bbox 297 1961 686 2036; baseline -0.003 -1"><span class='ocrx_word' id='word_1_102' title='bbox 297 1962 417 2035; x_wconf 90' lang='lat' dir='ltr'>minus</span> <span class='ocrx_word' id='word_1_103' title='bbox 435 1961 686 2036; x_wconf 86' lang='lat' dir='ltr'>exaudiantur.</span> 
     </span>
    </p>

    <p class='ocr_par' dir='ltr' id='par_1_7' title="bbox 290 2073 1427 4229">
     <span class='ocr_line' id='line_1_16' title="bbox 348 2073 1331 2170; baseline 0.001 -21"><span class='ocrx_word' id='word_1_104' title='bbox 348 2077 466 2149; x_wconf 85' lang='lat' dir='ltr'>Causa</span> <span class='ocrx_word' id='word_1_105' title='bbox 490 2084 613 2148; x_wconf 89' lang='lat' dir='ltr'>autem</span> <span class='ocrx_word' id='word_1_106' title='bbox 638 2095 750 2170; x_wconf 89' lang='lat' dir='ltr'>quare</span> <span class='ocrx_word' id='word_1_107' title='bbox 774 2073 839 2164; x_wconf 87' lang='lat' dir='ltr'>sol,</span> <span class='ocrx_word' id='word_1_108' title='bbox 865 2073 963 2163; x_wconf 88' lang='lat' dir='ltr'>luna,</span> <span class='ocrx_word' id='word_1_109' title='bbox 990 2081 1027 2147; x_wconf 91' lang='lat' dir='ltr'>et</span> <span class='ocrx_word' id='word_1_110' title='bbox 1052 2086 1193 2148; x_wconf 84' lang='lat' dir='ltr'>caeterae</span> <span class='ocrx_word' id='word_1_111' title='bbox 1216 2076 1331 2151; x_wconf 78' lang='lat' dir='ltr'>stellae</span> 
     </span>
     <span class='ocr_line' id='line_1_17' title="bbox 298 2185 1332 2286; baseline 0 -23"><span class='ocrx_word' id='word_1_112' title='bbox 298 2191 453 2286; x_wconf 88' lang='lat' dir='ltr'>majores</span> <span class='ocrx_word' id='word_1_113' title='bbox 470 2197 648 2285; x_wconf 89' lang='lat' dir='ltr'>apparent</span> <span class='ocrx_word' id='word_1_114' title='bbox 669 2209 783 2283; x_wconf 91' lang='lat' dir='ltr'>prope</span> <span class='ocrx_word' id='word_1_115' title='bbox 809 2185 1038 2260; x_wconf 87' lang='lat' dir='ltr'>horizontem</span> <span class='ocrx_word' id='word_1_116' title='bbox 1055 2210 1164 2283; x_wconf 93' lang='lat' dir='ltr'>quam</span> <span class='ocrx_word' id='word_1_117' title='bbox 1190 2189 1236 2262; x_wconf 90' lang='lat' dir='ltr'>ab</span> <span class='ocrx_word' id='word_1_118' title='bbox 1263 2189 1332 2263; x_wconf 89' lang='lat' dir='ltr'>ho-</span> 
     </span>
     <span class='ocr_line' id='line_1_18' title="bbox 298 2299 1331 2395; baseline 0.001 -19"><span class='ocrx_word' id='word_1_119' title='bbox 298 2303 438 2377; x_wconf 87' lang='lat' dir='ltr'>rizonte</span> <span class='ocrx_word' id='word_1_120' title='bbox 464 2299 687 2391; x_wconf 89' lang='lat' dir='ltr'>remotiores,</span> <span class='ocrx_word' id='word_1_121' title='bbox 711 2323 756 2373; x_wconf 89' lang='lat' dir='ltr'>ex</span> <span class='ocrx_word' id='word_1_122' title='bbox 773 2322 816 2372; x_wconf 88' lang='lat' dir='ltr'>eo</span> <span class='ocrx_word' id='word_1_123' title='bbox 833 2299 961 2390; x_wconf 91' lang='lat' dir='ltr'>oritur,</span> <span class='ocrx_word' id='word_1_124' title='bbox 988 2299 1185 2395; x_wconf 90' lang='lat' dir='ltr'>quodcum</span> <span class='ocrx_word' id='word_1_125' title='bbox 1202 2303 1331 2377; x_wconf 91' lang='lat' dir='ltr'>oculus</span> 
     </span>
     <span class='ocr_line' id='line_1_19' title="bbox 299 2415 1331 2512; baseline 0.003 -23"><span class='ocrx_word' id='word_1_126' title='bbox 299 2415 348 2489; x_wconf 88' lang='lat' dir='ltr'>sit</span> <span class='ocrx_word' id='word_1_127' title='bbox 365 2415 403 2489; x_wconf 91' lang='lat' dir='ltr'>in</span> <span class='ocrx_word' id='word_1_128' title='bbox 416 2415 617 2512; x_wconf 84' lang='lat' dir='ltr'>superficie,</span> <span class='ocrx_word' id='word_1_129' title='bbox 643 2438 718 2488; x_wconf 91' lang='lat' dir='ltr'>non</span> <span class='ocrx_word' id='word_1_130' title='bbox 734 2415 773 2487; x_wconf 90' lang='lat' dir='ltr'>in</span> <span class='ocrx_word' id='word_1_131' title='bbox 791 2423 918 2488; x_wconf 86' lang='lat' dir='ltr'>centm</span> <span class='ocrx_word' id='word_1_132' title='bbox 935 2423 1055 2506; x_wconf 79' lang='lat' dir='ltr'>terrra,</span> <span class='ocrx_word' id='word_1_133' title='bbox 1082 2417 1199 2512; x_wconf 84' lang='lat' dir='ltr'>magis</span> <span class='ocrx_word' id='word_1_134' title='bbox 1217 2416 1331 2492; x_wconf 88' lang='lat' dir='ltr'>distat</span> 
     </span>
     <span class='ocr_line' id='line_1_20' title="bbox 299 2524 1425 2626; baseline 0.001 -22"><span class='ocrx_word' id='word_1_135' title='bbox 299 2530 344 2604; x_wconf 87' lang='lat' dir='ltr'>ab</span> <span class='ocrx_word' id='word_1_136' title='bbox 374 2529 564 2604; x_wconf 89' lang='lat' dir='ltr'>horizonte</span> <span class='ocrx_word' id='word_1_137' title='bbox 594 2524 818 2626; x_wconf 87' lang='lat' dir='ltr'>aspectabili,</span> <span class='ocrx_word' id='word_1_138' title='bbox 851 2528 922 2602; x_wconf 86' lang='lat' dir='ltr'>hoo</span> <span class='ocrx_word' id='word_1_139' title='bbox 955 2538 1023 2619; x_wconf 86' lang='lat' dir='ltr'>est,</span> <span class='ocrx_word' id='word_1_140' title='bbox 1057 2530 1103 2602; x_wconf 90' lang='lat' dir='ltr'>ab</span> <span class='ocrx_word' id='word_1_141' title='bbox 1136 2527 1330 2606; x_wconf 89' lang='lat' dir='ltr'>horizonte</span> <span class='ocrx_word' id='word_1_142' title='bbox 1424 2545 1425 2550; x_wconf 77' lang='grc'>’</span> 
     </span>
     <span class='ocr_line' id='line_1_21' title="bbox 298 2642 1331 2743; baseline 0 -25"><span class='ocrx_word' id='word_1_143' title='bbox 298 2645 462 2719; x_wconf 82' lang='lat' dir='ltr'>caeruleae</span> <span class='ocrx_word' id='word_1_144' title='bbox 490 2644 586 2720; x_wconf 88' lang='lat' dir='ltr'>illius</span> <span class='ocrx_word' id='word_1_145' title='bbox 614 2642 830 2743; x_wconf 86' lang='lat' dir='ltr'>superficiei,</span> <span class='ocrx_word' id='word_1_146' title='bbox 849 2665 958 2739; x_wconf 91' lang='lat' dir='ltr'>quam</span> <span class='ocrx_word' id='word_1_147' title='bbox 983 2665 1153 2716; x_wconf 86' lang='lat' dir='ltr'>vocamus</span> <span class='ocrx_word' id='word_1_148' title='bbox 1183 2644 1331 2736; x_wconf 82' lang='lat' dir='ltr'>coelnm,</span> 
     </span>
     <span class='ocr_line' id='line_1_22' title="bbox 298 2757 1330 2857; baseline 0.001 -25"><span class='ocrx_word' id='word_1_149' title='bbox 298 2781 406 2855; x_wconf 91' lang='lat' dir='ltr'>quam</span> <span class='ocrx_word' id='word_1_150' title='bbox 419 2759 465 2832; x_wconf 90' lang='lat' dir='ltr'>ab</span> <span class='ocrx_word' id='word_1_151' title='bbox 483 2759 647 2857; x_wconf 88' lang='lat' dir='ltr'>ejusdem</span> <span class='ocrx_word' id='word_1_152' title='bbox 663 2782 804 2834; x_wconf 89' lang='lat' dir='ltr'>summo</span> <span class='ocrx_word' id='word_1_153' title='bbox 819 2757 988 2830; x_wconf 89' lang='lat' dir='ltr'>culmine.</span> <span class='ocrx_word' id='word_1_154' title='bbox 1030 2757 1110 2830; x_wconf 84' lang='lat' dir='ltr'>Etsi</span> <span class='ocrx_word' id='word_1_155' title='bbox 1119 2757 1218 2831; x_wconf 89' lang='lat' dir='ltr'>enim</span> <span class='ocrx_word' id='word_1_156' title='bbox 1231 2767 1330 2833; x_wconf 90' lang='lat' dir='ltr'>terra</span> 
     </span>
     <span class='ocr_line' id='line_1_23' title="bbox 295 2871 1421 2970; baseline 0.002 -23"><span class='ocrx_word' id='word_1_157' title='bbox 295 2873 343 2947; x_wconf 91' lang='lat' dir='ltr'>ad</span> <span class='ocrx_word' id='word_1_158' title='bbox 370 2875 496 2949; x_wconf 89' lang='lat' dir='ltr'>orbem</span> <span class='ocrx_word' id='word_1_159' title='bbox 523 2875 639 2948; x_wconf 90' lang='lat' dir='ltr'>stellae</span> <span class='ocrx_word' id='word_1_160' title='bbox 666 2873 913 2970; x_wconf 85' lang='lat' dir='ltr'>cujuscunque</span> <span class='ocrx_word' id='word_1_161' title='bbox 942 2871 1121 2946; x_wconf 89' lang='lat' dir='ltr'>rationem</span> <span class='ocrx_word' id='word_1_162' title='bbox 1147 2875 1330 2970; x_wconf 82' lang='lat' dir='ltr'>magnitu·</span> <span class='ocrx_word' id='word_1_163' title='bbox 1420 2877 1421 2916; x_wconf 65' lang='lat' dir='ltr'>l</span> 
     </span>
     <span class='ocr_line' id='line_1_24' title="bbox 296 2987 1329 3083; baseline 0.002 -23"><span class='ocrx_word' id='word_1_164' title='bbox 296 2987 392 3061; x_wconf 91' lang='lat' dir='ltr'>dinis</span> <span class='ocrx_word' id='word_1_165' title='bbox 421 2987 555 3062; x_wconf 89' lang='lat' dir='ltr'>habeat</span> <span class='ocrx_word' id='word_1_166' title='bbox 584 2987 933 3079; x_wconf 87' lang='lat' dir='ltr'>inconsiderabilem,</span> <span class='ocrx_word' id='word_1_167' title='bbox 960 3010 1095 3083; x_wconf 81' lang='lat' dir='ltr'>magna</span> <span class='ocrx_word' id='word_1_168' title='bbox 1120 2993 1243 3060; x_wconf 91' lang='lat' dir='ltr'>tamen</span> <span class='ocrx_word' id='word_1_169' title='bbox 1275 2998 1329 3062; x_wconf 87' lang='lat' dir='ltr'>est</span> 
     </span>
     <span class='ocr_line' id='line_1_25' title="bbox 295 3099 1327 3198; baseline 0 -22"><span class='ocrx_word' id='word_1_170' title='bbox 295 3111 505 3198; x_wconf 89' lang='lat' dir='ltr'>comparata</span> <span class='ocrx_word' id='word_1_171' title='bbox 531 3125 615 3174; x_wconf 91' lang='lat' dir='ltr'>cum</span> <span class='ocrx_word' id='word_1_172' title='bbox 641 3099 824 3191; x_wconf 87' lang='lat' dir='ltr'>distantia,</span> <span class='ocrx_word' id='word_1_173' title='bbox 851 3125 932 3198; x_wconf 85' lang='lat' dir='ltr'>quae</span> <span class='ocrx_word' id='word_1_174' title='bbox 954 3109 1106 3198; x_wconf 91' lang='lat' dir='ltr'>apparet</span> <span class='ocrx_word' id='word_1_175' title='bbox 1122 3100 1167 3173; x_wconf 92' lang='lat' dir='ltr'>ab</span> <span class='ocrx_word' id='word_1_176' title='bbox 1185 3101 1265 3198; x_wconf 88' lang='lat' dir='ltr'>ipsa</span> <span class='ocrx_word' id='word_1_177' title='bbox 1281 3103 1327 3176; x_wconf 89' lang='lat' dir='ltr'>ad</span> 
     </span>
     <span class='ocr_line' id='line_1_26' title="bbox 293 3214 1327 3312; baseline 0.002 -22"><span class='ocrx_word' id='word_1_178' title='bbox 293 3216 376 3290; x_wconf 88' lang='lat' dir='ltr'>loca</span> <span class='ocrx_word' id='word_1_179' title='bbox 391 3215 578 3290; x_wconf 89' lang='lat' dir='ltr'>stellarum</span> <span class='ocrx_word' id='word_1_180' title='bbox 594 3215 817 3312; x_wconf 90' lang='lat' dir='ltr'>apparentia.</span> <span class='ocrx_word' id='word_1_181' title='bbox 869 3214 1016 3288; x_wconf 85' lang='lat' dir='ltr'>Accidit</span> <span class='ocrx_word' id='word_1_182' title='bbox 1035 3239 1123 3312; x_wconf 84' lang='lat' dir='ltr'>ergo</span> <span class='ocrx_word' id='word_1_183' title='bbox 1141 3215 1248 3289; x_wconf 88' lang='lat' dir='ltr'>oculo</span> <span class='ocrx_word' id='word_1_184' title='bbox 1261 3217 1327 3292; x_wconf 92' lang='lat' dir='ltr'>ho-</span> 
     </span>
     <span class='ocr_line' id='line_1_27' title="bbox 293 3327 1327 3427; baseline 0.002 -24"><span class='ocrx_word' id='word_1_185' title='bbox 293 3331 472 3404; x_wconf 90' lang='lat' dir='ltr'>rizontem</span> <span class='ocrx_word' id='word_1_186' title='bbox 493 3328 730 3427; x_wconf 89' lang='lat' dir='ltr'>prospicienti</span> <span class='ocrx_word' id='word_1_187' title='bbox 758 3327 967 3410; x_wconf 89' lang='lat' dir='ltr'>distantiam</span> <span class='ocrx_word' id='word_1_188' title='bbox 993 3329 1082 3424; x_wconf 78' lang='lat' dir='ltr'>ejuS,</span> <span class='ocrx_word' id='word_1_189' title='bbox 1110 3339 1247 3404; x_wconf 89' lang='lat' dir='ltr'>terram</span> <span class='ocrx_word' id='word_1_190' title='bbox 1273 3331 1327 3405; x_wconf 91' lang='lat' dir='ltr'>in-</span> 
     </span>
     <span class='ocr_line' id='line_1_28' title="bbox 293 3439 1326 3541; baseline 0.001 -23"><span class='ocrx_word' id='word_1_191' title='bbox 293 3443 508 3541; x_wconf 87' lang='lat' dir='ltr'>terpositam</span> <span class='ocrx_word' id='word_1_192' title='bbox 523 3441 690 3540; x_wconf 85' lang='lat' dir='ltr'>legendo,</span> <span class='ocrx_word' id='word_1_193' title='bbox 709 3441 910 3528; x_wconf 88' lang='lat' dir='ltr'>aestimare;</span> <span class='ocrx_word' id='word_1_194' title='bbox 936 3439 1034 3515; x_wconf 93' lang='lat' dir='ltr'>unde</span> <span class='ocrx_word' id='word_1_195' title='bbox 1047 3443 1164 3538; x_wconf 84' lang='lat' dir='ltr'>magis</span> <span class='ocrx_word' id='word_1_196' title='bbox 1181 3443 1326 3519; x_wconf 89' lang='lat' dir='ltr'>videtur</span> 
     </span>
     <span class='ocr_line' id='line_1_29' title="bbox 294 3555 1325 3656; baseline -0.001 -22"><span class='ocrx_word' id='word_1_197' title='bbox 294 3557 428 3634; x_wconf 89' lang='lat' dir='ltr'>distare</span> <span class='ocrx_word' id='word_1_198' title='bbox 445 3581 555 3656; x_wconf 92' lang='lat' dir='ltr'>quam</span> <span class='ocrx_word' id='word_1_199' title='bbox 571 3582 594 3631; x_wconf 92' lang='lat' dir='ltr'>a</span> <span class='ocrx_word' id='word_1_200' title='bbox 611 3555 704 3632; x_wconf 90' lang='lat' dir='ltr'>coelo</span> <span class='ocrx_word' id='word_1_201' title='bbox 718 3579 870 3632; x_wconf 91' lang='lat' dir='ltr'>summo.</span> <span class='ocrx_word' id='word_1_202' title='bbox 923 3557 1105 3654; x_wconf 89' lang='lat' dir='ltr'>Maj0rem</span> <span class='ocrx_word' id='word_1_203' title='bbox 1117 3567 1241 3632; x_wconf 90' lang='lat' dir='ltr'>autem</span> <span class='ocrx_word' id='word_1_204' title='bbox 1255 3559 1325 3633; x_wconf 89' lang='lat' dir='ltr'>dis-</span> 
     </span>
     <span class='ocr_line' id='line_1_30' title="bbox 292 3669 1325 3770; baseline 0.001 -23"><span class='ocrx_word' id='word_1_205' title='bbox 292 3673 446 3748; x_wconf 91' lang='lat' dir='ltr'>tantiam</span> <span class='ocrx_word' id='word_1_206' title='bbox 480 3681 715 3770; x_wconf 86' lang='lat' dir='ltr'>apparantem</span> <span class='ocrx_word' id='word_1_207' title='bbox 750 3672 817 3746; x_wconf 86' lang='lat' dir='ltr'>sub</span> <span class='ocrx_word' id='word_1_208' title='bbox 851 3669 976 3746; x_wconf 89' lang='lat' dir='ltr'>eodem</span> <span class='ocrx_word' id='word_1_209' title='bbox 1012 3673 1147 3769; x_wconf 83' lang='lat' dir='ltr'>angulo</span> <span class='ocrx_word' id='word_1_210' title='bbox 1190 3673 1325 3748; x_wconf 78' lang='lat' dir='ltr'>risorio</span> 
     </span>
     <span class='ocr_line' id='line_1_31' title="bbox 291 3785 1323 3884; baseline 0 -22"><span class='ocrx_word' id='word_1_211' title='bbox 291 3786 496 3862; x_wconf 88' lang='lat' dir='ltr'>necessario</span> <span class='ocrx_word' id='word_1_212' title='bbox 523 3786 686 3884; x_wconf 87' lang='lat' dir='ltr'>sequitur</span> <span class='ocrx_word' id='word_1_213' title='bbox 714 3785 836 3884; x_wconf 88' lang='lat' dir='ltr'>imago</span> <span class='ocrx_word' id='word_1_214' title='bbox 863 3788 990 3884; x_wconf 90' lang='lat' dir='ltr'>major.</span> <span class='ocrx_word' id='word_1_215' title='bbox 1043 3785 1162 3861; x_wconf 83' lang='lat' dir='ltr'>Causa</span> <span class='ocrx_word' id='word_1_216' title='bbox 1189 3799 1323 3874; x_wconf 87' lang='lat' dir='ltr'>autem,</span> 
     </span>
     <span class='ocr_line' id='line_1_32' title="bbox 293 3898 1323 4000; baseline 0 -24"><span class='ocrx_word' id='word_1_217' title='bbox 293 3925 401 4000; x_wconf 88' lang='lat' dir='ltr'>quam</span> <span class='ocrx_word' id='word_1_218' title='bbox 419 3901 480 3977; x_wconf 88' lang='lat' dir='ltr'>alii</span> <span class='ocrx_word' id='word_1_219' title='bbox 502 3901 659 3976; x_wconf 78' lang='lat' dir='ltr'>afferunt</span> <span class='ocrx_word' id='word_1_220' title='bbox 683 3899 790 3998; x_wconf 88' lang='lat' dir='ltr'>hujus</span> <span class='ocrx_word' id='word_1_221' title='bbox 816 3898 1059 3998; x_wconf 89' lang='lat' dir='ltr'>phaenomeni,</span> <span class='ocrx_word' id='word_1_222' title='bbox 1086 3901 1261 3977; x_wconf 85' lang='lat' dir='ltr'>nimirum</span> <span class='ocrx_word' id='word_1_223' title='bbox 1287 3901 1323 3978; x_wconf 92' lang='lat' dir='ltr'>id</span> 
     </span>
     <span class='ocr_line' id='line_1_33' title="bbox 291 4013 1321 4118; baseline 0.002 -28"><span class='ocrx_word' id='word_1_224' title='bbox 291 4015 454 4091; x_wconf 88' lang='lat' dir='ltr'>accidere</span> <span class='ocrx_word' id='word_1_225' title='bbox 470 4033 621 4115; x_wconf 86' lang='lat' dir='ltr'>propter</span> <span class='ocrx_word' id='word_1_226' title='bbox 637 4013 895 4091; x_wconf 84' lang='lat' dir='ltr'>refractionem</span> <span class='ocrx_word' id='word_1_227' title='bbox 907 4016 946 4090; x_wconf 92' lang='lat' dir='ltr'>in</span> <span class='ocrx_word' id='word_1_228' title='bbox 963 4015 1220 4118; x_wconf 86' lang='lat' dir='ltr'>atmospbaera,</span> <span class='ocrx_word' id='word_1_229' title='bbox 1238 4041 1321 4094; x_wconf 90' lang='lat' dir='ltr'>vera</span> 
     </span>
     <span class='ocr_line' id='line_1_34' title="bbox 290 4131 815 4229; baseline 0.004 -25"><span class='ocrx_word' id='word_1_230' title='bbox 290 4145 445 4223; x_wconf 87' lang='lat' dir='ltr'>nonest,</span> <span class='ocrx_word' id='word_1_231' title='bbox 462 4142 504 4207; x_wconf 90' lang='lat' dir='ltr'>ut</span> <span class='ocrx_word' id='word_1_232' title='bbox 521 4131 663 4206; x_wconf 91' lang='lat' dir='ltr'>dicetur</span> <span class='ocrx_word' id='word_1_233' title='bbox 678 4141 815 4229; x_wconf 85' lang='lat' dir='ltr'>postea.</span> 
     </span>
    </p>

    <p class='ocr_par' dir='ltr' id='par_1_8' title="bbox 339 4245 1318 4345">
     <span class='ocr_line' id='line_1_35' title="bbox 339 4245 1318 4345; baseline 0 -25"><span class='ocrx_word' id='word_1_234' title='bbox 339 4255 373 4320; x_wconf 84' lang='lat'>8.</span> <span class='ocrx_word' id='word_1_235' title='bbox 402 4247 527 4323; x_wconf 80' lang='lat' dir='ltr'>Quaeri</span> <span class='ocrx_word' id='word_1_236' title='bbox 550 4256 684 4345; x_wconf 89' lang='lat' dir='ltr'>potest,</span> <span class='ocrx_word' id='word_1_237' title='bbox 712 4258 750 4322; x_wconf 87' lang='lat' dir='ltr'>et</span> <span class='ocrx_word' id='word_1_238' title='bbox 776 4272 799 4322; x_wconf 87' lang='lat' dir='ltr'>a</span> <span class='ocrx_word' id='word_1_239' title='bbox 820 4245 1005 4322; x_wconf 88' lang='lat' dir='ltr'>nonnullis</span> <span class='ocrx_word' id='word_1_240' title='bbox 1032 4247 1226 4344; x_wconf 87' lang='lat' dir='ltr'>quaesitum</span> <span class='ocrx_word' id='word_1_241' title='bbox 1253 4257 1318 4336; x_wconf 86' lang='lat' dir='ltr'>est,</span> 
     </span>
    </p>
   </div>
   <div class='ocr_carea' id='block_1_3' title="bbox 0 0 1452 4914">
    <p class='ocr_par' dir='ltr' id='par_1_9' title="bbox 0 0 1452 4914">
     <span class='ocr_line' id='line_1_36' title="bbox 0 0 1452 4914; baseline 0 3"><span class='ocrx_word' id='word_1_242' title='bbox 0 0 1452 4914; x_wconf 95' lang='lat' dir='ltr'> </span> 
     </span>
    </p>
   </div>
  </div>
 </body>
</html>
