2918 4912
282 289 336 341 DE
355 289 507 342 TRIBUS
528 289 761 344 CIVITATUM
781 291 1022 344 suncmnus.
1099 271 1173 352 237

1202 390 1301 442 secr.
1316 391 1367 440 ur.

128 479 261 528 corono
290 455 349 529 vel
376 465 605 554 magnatum,
623 467 661 530 et
688 456 986 548 aristocratioor,
1006 481 1087 553 quae
1121 467 1177 530 est
1275 467 1297 516 ⁷·

127 567 322 664 imperium
348 568 569 666 optimatum
596 569 671 642 sive
699 570 900 662 noeliornm,
927 581 1175 666 praeterquam
1214 535 1358 574 ψ

127 682 231 778 quod
246 682 414 755 homines
432 681 528 755 iuter
545 707 583 756 se
607 683 661 755 ita
691 683 875 774 differunt,
892 696 1029 758 utnon
1046 683 1175 756 eadem

127 795 302 868 omnibus
329 795 430 867 bonu
459 795 558 879 sint3
585 820 657 891 quo
688 797 731 869 fit
759 806 803 870 ut
830 797 895 892 qui
918 797 999 872 aliis
1029 797 1174 896 optimi,

127 909 210 981 aliis
221 907 384 1007 pensioni
399 907 621 982 videantur?

180 1030 216 1094 3.
246 1021 359 1096 Quod
376 1031 502 1094 autem
519 1047 677 1120 regnum
695 1035 734 1094 et
745 1023 924 1120 tyrannio
935 1048 1011 1098 uon
1028 1024 1103 1098 sint
1120 1023 1176 1096 di·
1187 1037 1337 1096 Tnmnidem

130 1158 247 1208 versae
275 1133 416 1230 species
442 1134 612 1226 civitatis
640 1136 739 1209 haud
760 1137 868 1210 facile
893 1117 1234 1233 persuadebituridd
1250 1107 1357 1210 ‘died

127 1258 283 1343 propter
310 1247 464 1321 affectus
491 1247 694 1338 hominum,
720 1251 783 1346 qui
807 1250 876 1325 etsi
905 1253 1093 1326 civitatem
1110 1251 1174 1324 nni
1186 1233 1297 1342 fflff
1309 1230 1386 1338 ⁸¹⁰5]

128 1361 339 1456 subJectam
355 1383 434 1433 esse
452 1361 604 1435 mallent
623 1387 733 1458 quarn
743 1363 937 1460 pluribus,
954 1389 1031 1438 non
1048 1376 1174 1438 temen

129 1484 231 1546 recte
263 1497 345 1546 carn
375 1474 575 1570 gubernari
603 1486 747 1571 putant,
774 1477 845 1549 nisi
873 1478 1103 1574 gubernetur
1127 1477 1176 1552 ed

130 1585 327 1659 arbitrium
345 1610 463 1660 suurn.
516 1587 590 1660 Sed
606 1587 696 1683 quid
709 1587 855 1662 differat
872 1615 942 1662 rea
959 1615 982 1664 a
1000 1599 1174 1684 tyranno,

129 1698 278 1772 ratione
294 1698 591 1795 investigandum
617 1710 685 1790 est,
709 1725 784 1774 uon
814 1703 961 1776 affectu.
1013 1703 1176 1776 Primum

131 1823 259 1885 autem
274 1835 352 1884 non
368 1811 407 1884 in
424 1835 468 1884 eo
487 1811 673 1903 differunt,
691 1813 792 1910 quod
814 1818 932 1911 major
945 1815 993 1890 sit
1008 1817 1176 1912 potentia

131 1926 243 2022 hujus
262 1949 373 2022 quam
389 1925 510 2010 illius;
537 1925 776 2023 quiasummo
793 1927 947 2023 imperio
964 1929 1082 2025 majus
1096 1928 1176 2002 dari

131 2062 208 2112 non
233 2047 378 2135 potest:
405 2062 526 2133 neque
560 2039 660 2134 quod
684 2040 778 2113 alter
803 2040 1008 2136 potentiam
1042 2041 1177 2115 habent

132 2152 399 2250 praescriptam,
418 2151 512 2224 alter
529 2175 627 2236 non;
654 2153 758 2248 cujus
776 2152 875 2226 enim
898 2155 1066 2250 potentia
1081 2179 1178 2252 prae·

134 2267 275 2362 scripta
286 2274 354 2354 est,
367 2287 443 2338 non
457 2273 513 2337 est
523 2289 605 2354 reo,
620 2264 686 2338 sed
696 2264 1176 2363 subditnoproeacribentia.

133 2379 279 2453 Deinde
304 2401 424 2476 neque
449 2377 561 2450 modo
578 2377 793 2474 acquirendi
818 2378 1017 2465 differunt3
1044 2380 1075 2454 si
1093 2381 1176 2478 qui-

133 2492 220 2566 dem
231 2491 882 2578 enimincivitatedenooonotioo‚vel
893 2495 1178 2585 oriotocrotnoo,

134 2629 309 2678 commane
323 2605 518 2702 imperinm
532 2604 620 2678 civis
635 2605 766 2700 aliquis
784 2605 820 2678 vi
834 2608 1177 2703 occuparet,habit0

135 2719 271 2791 civium
289 2742 480 2807 consensu,
497 2717 682 2814 legitimus
710 2719 758 2792 sit
774 2718 1000 2804 monendam
1027 2745 1071 2794 eo
1089 2746 1177 2795 con-

133 2855 247 2906 sensu
271 2855 348 2904 non
368 2831 507 2922 habito,
525 2831 645 2904 hostio
671 2843 740 2922 est,
758 2856 833 2905 non
852 2841 1046 2928 tyrannos.
1097 2834 1178 2908 Dif-

133 2947 261 3019 ferunt
285 2967 373 3041 ergo
402 2944 479 3018 solo
507 2945 651 3041 imperii
678 2945 866 3035 exercitio,
883 2957 927 3018 ut
954 2971 1022 3018 ren
1046 2947 1094 3020 sit
1116 2947 1180 3042 qui

136 3070 237 3132 recte
265 3059 371 3154 regit,
390 3068 575 3154 tyrannos
603 3059 666 3155 qui
696 3059 815 3133 aliter.
869 3061 954 3132 Huc
982 3059 1096 3157 igitur
1117 3084 1179 3134 res

136 3172 245 3261 redit,
271 3181 314 3243 ut
339 3170 436 3244 cives
459 3194 588 3269 regem
612 3172 777 3268 legitime
795 3173 833 3245 in
856 3197 992 3246 commo
1021 3175 1179 3273 imperio

137 3284 391 3373 constitutum,
409 3284 440 3357 si
463 3285 657 3380 imperium
673 3286 761 3383 ipsis
786 3298 886 3360 recte
908 3287 1093 3363 videbitur
1118 3313 1181 3362 ex·

136 3422 275 3487 ercere,
294 3409 375 3471 tum
392 3422 541 3494 regern:
568 3399 678 3472 aliter
703 3409 902 3496 tyrannum
920 3401 1180 3498 appellandum

136 3520 324 3584 censeant.
377 3509 464 3583 Non
494 3521 582 3582 sunt
597 3511 713 3608 igitur
731 3512 864 3586 diversi
883 3514 1043 3588 civitatis
1061 3527 1179 3589 status

137 3649 294 3724 regnam
321 3636 359 3698 et
378 3626 563 3720 tyrannio,
582 3625 647 3697 sed
671 3626 791 3699 eidem
819 3629 1029 3702 monarchae
1045 3651 1182 3702 nomen

136 3739 246 3836 regio
259 3761 328 3834 pro
345 3736 496 3826 honore,
513 3737 669 3832 tyranni
678 3762 746 3834 pro
757 3738 925 3814 convicio
938 3740 1061 3814 datur.
1088 3739 1181 3822 Quae

136 3863 261 3924 autem
279 3850 414 3947 passim
433 3858 564 3923 contra
587 3857 768 3946 tyrannos
785 3851 885 3924 dicta
902 3851 940 3925 in
957 3851 1058 3925 libris
1076 3874 1181 3947 repe-

137 3965 296 4053 riuntur,
308 3963 521 4060 originema
540 3963 677 4038 Graecis
694 3975 732 4038 et
749 3965 924 4038 Romanis
942 3965 1181 4062 scriptoribus

136 4087 345 4167 traxerunt,
365 4077 428 4174 qui
444 4075 581 4174 partim
595 4101 617 4149 a
631 4077 790 4176 popolo,
802 4076 936 4174 purtim
955 4078 1002 4150 ab
1020 4076 1182 4176 optimo-

137 4190 239 4262 ta'bno
264 4190 498 4287 regebantur,
517 4189 673 4286 ideoque
696 4217 771 4266 non
788 4192 899 4265 modo
917 4200 1100 4289 tyrannos
1117 4191 1181 4266 sed

140 4303 255 4378 etiam
272 4327 387 4401 rogeo
404 4303 504 4376 exosi
522 4301 606 4376 siut.
