2896 4914
445 325 498 376 na
518 323 704 393 vrsrouu,
724 325 813 378 nro.
1101 307 1140 386 71

159 492 353 581 Praeterea,
391 505 476 588 post
508 493 683 568 visionem
716 491 898 566 redditam
934 492 1005 565 hoc
1039 489 1147 565 modo
1183 523 1281 574 sacr,
1296 523 1336 575 ιι,

110 617 289 701 quantum
302 603 383 678 fieri
395 616 516 701 potest
531 605 832 695 confusissimam,
845 617 988 678 remoto
1002 605 1147 699 objecto
1189 603 1332 704 ,ᾖό
1439 599 1440 604 ’

109 742 132 790 a
158 717 306 812 dioptro
336 717 456 791 adhuc
484 718 642 814 longius,
668 717 852 791 videbitur
880 741 1005 791 rursus
1032 717 1149 814 magis

108 829 299 925 magisque
317 830 500 919 distincte,
515 841 552 902 et
565 829 723 918 tandem,
742 829 886 902 inversa
898 829 1046 926 quidem
1059 831 1148 904 ima-

108 944 206 1039 gine,
226 941 509 1032 distinctissime,
525 953 568 1016 ut
585 967 671 1016 mox
687 943 819 1016 clarius
836 943 1086 1039 explicabitur.

159 1059 195 1138 7.
223 1055 369 1151 Objecti
384 1055 453 1128 visi
470 1079 536 1151 per
553 1055 739 1152 dioptrum
759 1080 973 1146 convexum,
991 1055 1148 1153 imagine
1160 1069 1246 1148 μιν,

108 1168 265 1258 inversa,
276 1168 378 1241 locus
391 1191 570 1264 apparens
581 1168 735 1242 inveniri
747 1179 880 1264 potest,
892 1170 919 1241 si
933 1168 1042 1243 modo
1053 1170 1148 1266 ejus·
1159 1146 1329 1256 ffipfda

110 1281 194 1355 dem
205 1282 342 1377 objecti
351 1282 452 1355 locus
463 1305 640 1378 apparens
652 1282 800 1354 daretur
809 1282 1147 1356 invisionedirecta.
1158 1277 1240 1310 ’ω
1249 1263 1347 1308 ¹²'‘¹'''

161 1394 218 1468 Sit
247 1395 303 1488 (in
328 1395 447 1490 figura
469 1395 615 1490 quarta)
636 1410 805 1468 centrum
828 1396 957 1468 retinas
983 1395 1028 1484 A,
1047 1394 1149 1493 diop-

109 1517 209 1580 trum
238 1505 325 1596 BC,
350 1508 454 1604 cujus
478 1507 707 1602 superficiem
731 1520 924 1605 utramque
950 1521 1049 1582 secet
1073 1509 1151 1582 axis

110 1622 256 1717 opticus
274 1620 355 1693 ΑΙ)
374 1621 413 1693 in
430 1621 460 1692 E
478 1631 517 1694 et
534 1621 572 1692 F.
624 1621 790 1694 Ducatur
807 1623 853 1694 ab
871 1619 904 1694 A
927 1620 976 1695 ad
1000 1623 1152 1718 superfi-

111 1736 206 1808 ciem
225 1734 363 1831 dioptri
381 1734 411 1807 B
423 1733 491 1806 FC
510 1744 612 1807 recta
628 1746 815 1830 utcunque
834 1735 866 1808 A
880 1734 923 1822 G,
941 1758 1024 1831 quae
1045 1736 1153 1830 juxta

111 1851 210 1945 leges
227 1847 460 1922 refractionis
485 1847 707 1943 refringatur
723 1847 771 1922 ad
791 1847 1019 1946 superficiem
1038 1847 1068 1920 B
1079 1847 1109 1919 E
1121 1847 1151 1920 C

109 1961 148 2034 in
167 1962 219 2051 H,
238 1971 276 2034 et
292 1983 418 2033 rursus
434 1959 659 2056 refringatur
674 1984 740 2055 per
759 1960 836 2034 HI.
878 1959 1063 2050 Similiter,
1085 1959 1151 2033 du-

112 2086 217 2148 catur
229 2084 416 2168 utcunque
431 2072 479 2146 ad
493 2072 721 2169 superficiem
740 2073 770 2146 B
782 2075 810 2146 F
822 2074 851 2146 C
863 2074 935 2148 alia
947 2074 1091 2147 rectaA
1104 2075 1150 2165 K,

111 2212 193 2283 quae
219 2186 443 2281 refringatur
468 2187 516 2259 ad
541 2187 571 2260 L
589 2185 626 2262 in
647 2187 838 2283 superficie
864 2188 936 2261 ΒΕ
949 2187 992 2276 C,
1010 2199 1049 2260 et
1066 2187 1151 2260 inde

110 2325 177 2397 per
194 2302 225 2373 L
238 2299 286 2372 N.
322 2299 370 2372 Et
386 2299 432 2371 ab
450 2300 467 2371 I
486 2299 643 2372 ducatur
661 2297 738 2389 IN,
757 2323 883 2374 secans
900 2301 979 2374 AD
995 2324 1152 2398 perpen-

112 2413 326 2488 diculariter
339 2412 378 2483 in
391 2413 435 2502 Ο,
450 2424 487 2486 et
504 2413 535 2485 L
547 2412 583 2485 N
598 2412 636 2485 in
650 2412 686 2485 N
699 2444 708 2497 ;
727 2413 1024 2510 intelligaturque
1041 2414 1074 2486 0
1087 2413 1150 2486 NI

112 2549 190 2599 esse
208 2525 328 2622 ipsum
346 2524 541 2620 objectum.
577 2524 689 2598 Porro
706 2525 931 2620 producatur
948 2526 1014 2598 IH
1033 2525 1152 2600 donec

111 2651 224 2712 rcctae
242 2637 326 2727 AP,
343 2661 425 2734 quae
450 2637 498 2710 sit
522 2637 668 2733 objecto
686 2636 749 2712 01
770 2638 955 2734 parallelo,
982 2650 1153 2712 occurrat

111 2753 150 2825 iu
164 2753 206 2840 P,
224 2761 262 2824 et
278 2750 502 2847 producatur
520 2751 555 2822 N
569 2752 600 2824 L
616 2750 733 2824 donec
751 2763 922 2826 occurrat
938 2750 1057 2824 eidem
1073 2752 1106 2823 A
1125 2752 1154 2825 Ρ

112 2867 151 2938 in
169 2867 216 2940 Q.
262 2865 462 2953 Postremo,
479 2864 732 2960 producantur
748 2865 838 2952 AG,
858 2867 886 2936 A
905 2865 938 2936 K
957 2863 1074 2937 donec
1092 2887 1154 2936 oc-

113 2989 265 3052 currant
278 2978 388 3052 rectis
402 2978 487 3067 ΡΟ,
507 2977 641 3054 nom
653 2977 687 3050 R
700 2990 737 3052 et
753 2978 790 3050 S.
816 2977 909 3051 Dico
923 2977 1071 3051 ductam
1082 2977 1153 3050 RS

111 3090 292 3188 usquead
308 3114 414 3164 axem
438 3091 479 3164 in
495 3091 537 3180 T,
555 3114 699 3187 nempe,
718 3089 830 3164 RST
853 3113 931 3164 esse
955 3091 1153 3188 imaginem

113 3204 252 3302 objecti
278 3203 360 3278 ΟΝ
375 3205 404 3290 1,
430 3203 563 3294 idest,
594 3227 770 3300 apparere
799 3215 979 3300 punctum
1008 3204 1093 3278 Oin
1107 3204 1153 3293 T,

112 3328 293 3414 punctum
311 3317 347 3390 N
364 3317 403 3390 in
421 3317 458 3407 S,
476 3327 514 3389 et
530 3329 708 3414 punctum
726 3316 743 3390 I
761 3317 799 3390 in
818 3317 862 3391 R.

164 3431 241 3504 Sed
274 3441 472 3527 autequam
505 3431 678 3505 accedam
711 3431 760 3504 ad
792 3430 1152 3520 demonstrationem,

112 3545 339 3642 praemittam
356 3567 400 3616 ea
417 3569 499 3641 quae
516 3545 555 3616 in
578 3543 787 3640 hujusmodi
804 3545 942 3618 visione
959 3544 1007 3618 ad
1024 3544 1154 3618 clario-

112 3683 191 3732 rem
209 3658 265 3731 rei
283 3657 562 3753 explicationem
583 3656 810 3730 observanda
826 3667 922 3730 sunt.

164 3773 334 3846 Quorum
347 3771 505 3867 primum
519 3780 585 3861 est,
600 3769 698 3866 quod
715 3769 746 3843 si
763 3770 946 3865 objectum
963 3771 1025 3843 01
1043 3768 1154 3842 collo-

114 3896 262 3961 caretur
287 3907 402 3980 prope
429 3883 625 3980 dioptrum,
641 3893 685 3956 ut
710 3882 749 3954 in
766 3883 857 3971 VX,
874 3882 926 3956 ita
950 3895 993 3954 ut
1016 3879 1155 3954 anullo

114 4002 192 4097 ejus
209 4009 350 4094 puncto
368 3996 490 4069 radius
513 3995 703 4091 pervenire
725 4006 848 4090 posset
864 3995 911 4067 ad
928 4005 1104 4090 punctum
1121 3995 1156 4067 A

115 4137 160 4185 ex
176 4110 325 4210 parteE
341 4107 382 4199 B,
398 4108 462 4181 sed
474 4119 618 4181 tautum
632 4131 677 4180 ex
691 4107 807 4180 altera
819 4120 923 4204 parte
936 4107 966 4179 E
979 4107 1020 4196 Ο,
1034 4107 1155 4204 imago

114 4228 193 4324 ejus
211 4248 288 4298 non
305 4222 449 4297 inversa
466 4221 530 4296 sed
546 4220 704 4295 naturali
721 4220 794 4292 situ
810 4229 1013 4317 appareret.
