2912 4912
317 269 386 336 106
713 283 768 336 nn
786 283 969 338 nonnus.

129 481 224 532 sm,
238 483 277 535 11,
312 447 415 520 illum
431 447 611 538 occidere,
637 449 700 545 qui
722 449 895 545 injuriam
915 448 1029 533 fecit;
1055 471 1142 521 nom
1163 457 1353 525 mortuum
1435 465 1436 522 l

128 559 271 664 ᾧ
309 585 497 656 nunquam
514 563 728 658 cujusquam
747 564 802 636 rei
825 563 993 659 poenitet.
1045 562 1245 656 Objectum
1262 586 1351 660 ergo
1435 553 1436 562 ἵ

311 674 377 748 irae
419 684 475 748 est
507 675 714 766 molestum,
749 675 815 750 sed
853 685 1035 770 quatenus
1065 675 1103 747 vi
1132 677 1351 770 superabile.

312 789 434 865 Quem
467 788 564 862 enim
594 787 768 862 conviciis
793 787 996 862 lacessieris
1025 786 1158 876 nudus,
1193 787 1350 875 iratum;

311 914 485 989 armatus,
499 900 780 974 tremebundum
795 901 919 976 facies,
962 899 1068 974 Iram
1081 909 1124 972 ut
1137 923 1220 995 spes
1234 903 1350 992 effert,

310 1014 365 1088 ita
380 1025 500 1088 metus
517 1025 714 1111 temperat;
729 1013 848 1104 idest,
867 1014 961 1087 sicut
970 1036 1038 1109 per
1050 1012 1352 1109 imaginationem

311 1127 459 1223 spiritus
469 1126 885 1202 animaleseffunduntur
895 1128 934 1200 in
944 1149 1075 1200 nervos
1086 1126 1135 1200 ad
1143 1125 1352 1200 faciendam

310 1238 386 1312 vim
402 1239 442 1312 in
458 1239 595 1314 malum
613 1240 713 1336 quod
729 1240 889 1336 ingmit;
908 1239 960 1312 ita
969 1263 1036 1335 per
1048 1239 1353 1334 imaginationem

310 1351 459 1447 majoris
486 1351 574 1426 mali
598 1353 835 1426 retrahuntur
861 1352 910 1426 ad
936 1375 1001 1425 cor
1027 1375 1102 1426 suae
1127 1351 1353 1428 defensionis

310 1488 431 1554 causa,
457 1465 515 1538 vel
540 1463 588 1538 ad
612 1465 748 1561 fugam.
800 1465 887 1562 Spei
915 1465 1102 1560 objectum
1126 1476 1182 1538 est
1211 1467 1353 1541 bonum

309 1599 509 1672 apparens;
536 1588 655 1652 metus
673 1577 869 1673 objectum,
887 1576 1035 1652 malum.
1088 1576 1235 1652 Bonum
1253 1580 1353 1652 enim

308 1699 494 1785 speratum
524 1689 623 1762 unde
652 1689 702 1763 ad
727 1713 794 1762 nos
825 1689 950 1763 venire
978 1687 1121 1779 debeat,
1158 1713 1353 1789 nunquam

308 1801 397 1875 satis
413 1801 673 1898 perspicimus:
700 1801 830 1874 namsi
851 1801 1153 1898 perspiceremus,
1171 1825 1233 1876 res
1251 1816 1354 1878 certa

309 1925 416 2004 esset,
434 1939 501 1988 nec
519 1915 725 2012 expectatio
742 1924 870 1988 nostra
881 1915 1037 2010 amplius
1051 1914 1239 1988 diceretur
1254 1940 1350 2013 spes,

308 2030 375 2104 sed
390 2029 579 2126 gaudium.
630 2029 690 2102 Ad
708 2053 810 2126 spem
836 2029 1022 2102 sufficiunt
1039 2030 1151 2102 etiam
1166 2029 1353 2104 levissima

308 2152 536 2238 argumenta.
589 2143 668 2216 Imo
686 2166 757 2232 reS,
784 2167 867 2239 quae
888 2166 935 2216 ne
959 2141 1080 2216 auimo
1098 2142 1249 2238 quidem
1262 2168 1351 2218 con-

307 2256 380 2351 cipi
412 2267 546 2352 potest,
574 2257 713 2351 sperari
739 2267 863 2330 tamen
889 2266 1025 2354 potest,
1054 2254 1086 2330 si
1113 2255 1187 2330 dici
1213 2266 1349 2353 potest.

308 2369 494 2458 Similiter,
528 2368 643 2442 metui
672 2367 849 2464 quidlibet
878 2379 1002 2465 potest
1031 2392 1243 2465 quanquam
1273 2393 1350 2444 non

307 2481 547 2578 concipiatur,
572 2481 682 2555 modo
704 2482 867 2556 terribile
884 2506 962 2556 esse
978 2483 1089 2578 vulgo
1107 2482 1265 2573 dicatur,
1291 2483 1350 2558 vel

306 2596 338 2670 si
354 2595 490 2670 multos
507 2595 615 2668 simul
630 2594 759 2690 fugere
775 2593 986 2681 videamus3
1012 2619 1110 2685 nam,
1136 2619 1349 2693 quanquam

305 2708 494 2805 incognita
511 2732 633 2798 causa,
645 2707 806 2804 fugimus
824 2732 969 2804 quoque
986 2732 1066 2798 nos,
1091 2721 1135 2781 ut
1152 2708 1191 2782 in
1207 2719 1348 2786 terror-
1438 2773 1439 2818 ἦ

305 2822 387 2896 ibus
413 2845 506 2917 quos
534 2832 668 2896 vocant
695 2822 857 2918 panicos.
927 2821 1118 2895 Credimus
1145 2822 1246 2897 enim
1273 2847 1346 2912 eos

306 2935 370 3031 qui
385 2934 495 3029 primi
512 2935 672 3030 fugiunt,
697 2934 796 3031 fugae
822 2935 970 3008 causam
989 2935 1124 3010 vidisse
1140 2935 1347 3031 periculum

305 3046 464 3144 aliquod.
533 3047 662 3144 Itaque
695 3047 847 3122 affectus
876 3046 939 3120 isti
973 3047 1117 3122 ratione
1147 3048 1346 3142 gubernari

304 3185 396 3259 opus
421 3160 570 3236 habent.
622 3160 731 3236 Ratio
754 3161 852 3234 enim
879 3170 947 3247 est,
975 3181 1067 3257 quae,
1096 3171 1173 3234 tam
1199 3173 1345 3237 nostras

304 3298 414 3371 quam
439 3275 667 3370 objectorum
692 3274 788 3348 vires
808 3297 1023 3348 mensurans
1041 3297 1344 3372 comparansque,

303 3400 383 3463 tum
404 3387 493 3483 spei,
519 3396 599 3462 tum
622 3387 736 3462 metui
759 3387 910 3464 modum
931 3387 1073 3477 statuit,
1098 3410 1146 3462 ne
1171 3399 1238 3463 aut
1264 3413 1344 3486 spe-

303 3510 426 3576 rantes
452 3498 659 3589 illudamur,
687 3515 752 3573 aut
775 3500 948 3574 timentes
971 3523 1015 3574 aa
1036 3499 1145 3589 bona,
1169 3523 1254 3596 quae
1279 3502 1344 3576 ha-

302 3617 443 3704 bemus,
470 3612 549 3688 sine
575 3636 686 3688 causa
706 3615 807 3709 justa
829 3613 1053 3690 amittamus.
1106 3613 1217 3690 Quod
1245 3617 1342 3690 enim

303 3753 405 3826 spem
437 3726 616 3824 perfidam
645 3738 683 3802 ot
711 3739 850 3802 metum
878 3727 1106 3824 proditorem
1138 3728 1251 3804 toties
1280 3753 1341 3804 ex·

302 3842 476 3940 perimur,
494 3840 572 3916 sola
587 3839 678 3916 facit
694 3841 877 3938 imperitia
893 3852 1030 3916 nostra.

121 3956 270 4068 ffiffim
355 3963 389 4030 5.
415 3954 552 4028 Omnes
579 3952 746 4028 homines
775 3951 947 4051 opinione
974 3963 1148 4028 tenentur
1174 3977 1254 4028 esse
1288 3955 1339 4030 in·

302 4068 443 4142 visibile
468 4065 618 4164 aliquod
642 4065 701 4142 vel
720 4065 928 4156 invisibilia,
962 4090 1083 4163 aquo
1109 4066 1168 4140 vel
1195 4067 1336 4164 qmbus,

303 4192 413 4277 prout
421 4179 582 4279 propitia
592 4191 678 4258 sunt
688 4179 746 4254 vel
756 4178 1032 4271 infesta‚omnia
1040 4181 1136 4256 bona
1146 4181 1334 4276 speranda,
