2828 4912
287 277 333 359 72
685 297 737 350 nn
758 297 940 350 nourrius.

103 497 199 550 sm,
215 497 252 550 u.
339 463 519 554 Secundo,
538 463 568 538 si
584 463 617 536 V
634 463 670 538 X
689 473 936 538 removeretur
949 461 1123 560 paulatim
1140 460 1287 558 longius
1303 483 1323 533 a

104 577 246 682 „L
288 575 446 675 dioptr0,
463 576 585 674 imago
602 577 680 674 ejus
698 586 793 650 esset
809 574 925 672 magis
942 575 1131 672 magisque
1149 573 1321 658 confusa;

92 715 103 759 r
103 727 164 760 rrrrr
287 714 373 764 nam
385 701 563 788 punctum
576 689 664 786 ejus,
677 689 776 786 quod
786 688 964 762 incideret
977 689 1015 764 in
1030 685 1322 762 intersectionem

91 779 260 902 diffiditis
288 803 444 878 duorum
469 801 655 878 radiorum
681 803 760 892 IH,
788 801 876 893 NL,
895 813 1088 900 appareret
1104 800 1144 875 in
1168 809 1322 896 utraque

91 909 274 953 *⁰¹“¹”³”V⁰¹⁸'·
286 917 415 992 visuali
429 915 462 990 A
476 915 559 990 uec
571 915 604 990 A
616 917 641 991 S
653 947 662 1002 ;
676 917 800 1014 itaque
813 916 998 991 videretur
1010 915 1048 990 in
1064 914 1205 988 duobus
1220 911 1323 987 simul

286 1029 388 1120 locis,
407 1028 447 1103 id
464 1029 561 1126 quod
578 1042 633 1104 est
650 1029 838 1115 confusio;
856 1029 1025 1125 idemque
1038 1029 1272 1125 contingeret
1289 1027 1323 1099 in

289 1142 510 1239 quibuslibet
534 1142 630 1218 binis
656 1143 766 1219 radiis
792 1167 830 1218 se
858 1153 986 1219 mutuo
1017 1141 1322 1240 contingentibus.

289 1257 337 1330 Et
355 1256 526 1352 quoniam
539 1255 616 1332 fere
630 1257 748 1332 omnis
762 1256 884 1332 radius
899 1254 1203 1331 omnemradium
1215 1267 1324 1344 secat,

289 1391 437 1444 necesse
455 1371 551 1444 'esset
569 1393 676 1444 omne
693 1384 871 1466 punctum
894 1369 1030 1466 objecti
1046 1369 1084 1443 in
1108 1368 1209 1444 omni
1232 1367 1325 1442 linea

289 1481 418 1556 visuali
452 1505 638 1580 apparere,
668 1507 749 1580 quae
783 1483 912 1580 ingens
943 1481 1108 1557 confusio
1138 1490 1256 1566 esset;
1291 1481 1326 1555 id

291 1594 390 1693 quod
405 1595 530 1671 notavi
548 1596 585 1670 in
603 1595 757 1671 articulo
770 1594 1013 1694 praecedente,
1028 1606 1065 1669 et
1077 1594 1138 1670 hic
1152 1617 1198 1670 ex
1209 1595 1326 1693 figura

290 1710 370 1808 ipsa
385 1708 619 1784 manifestum
636 1722 703 1784 est.

340 1823 477 1912 Tertio,
493 1821 523 1896 si
538 1822 657 1898 adhuc
674 1847 698 1896 a
711 1822 855 1920 dioptro
869 1831 1118 1896 removeretur
1132 1819 1171 1894 in
1184 1831 1326 1895 tantum

245 2029 249 2038 .
290 1949 333 2010 ut
349 1959 372 2010 a
388 1935 489 2010 nullo
508 1939 586 2033 ejus
612 1945 749 2034 puncto
774 1934 898 2008 radius
923 1933 1113 2032 pervenire
1138 1942 1264 2028 posset
1284 1933 1327 2006 nd

292 2049 326 2122 A
353 2072 398 2122 ex
425 2059 529 2146 parte
556 2049 639 2139 EC,
668 2049 799 2139 idest,
826 2047 971 2145 quando
997 2058 1208 2121 removetur
1233 2048 1328 2121 ultra

292 2174 471 2258 punctum
497 2160 595 2259 quod
617 2161 656 2235 in
677 2160 816 2236 visione
839 2185 906 2259 per
928 2160 1025 2234 idem
1049 2158 1237 2257 dioptrum
1256 2183 1327 2235 non

292 2274 438 2349 inversa
462 2284 518 2348 est
542 2284 719 2372 punctum
746 2273 1020 2364 evanescentia,
1053 2284 1141 2348 tunc
1171 2272 1327 2370 primum

293 2386 415 2485 imago
432 2387 510 2484 ejus
527 2395 565 2460 et
582 2387 725 2460 inversa
741 2386 926 2461 videretur
943 2396 981 2460 et
997 2384 1181 2461 distincta.

346 2499 592 2597 Supponimus
619 2499 740 2596 itaque
767 2499 952 2596 objectum
978 2498 1087 2573 ONI
1114 2498 1207 2574 adeo
1233 2499 1327 2574 adi-

295 2623 402 2712 optro
428 2623 610 2690 remotum
635 2635 725 2704 esse,
751 2621 794 2686 ut
818 2611 939 2709 imago
965 2613 1044 2708 ejus
1072 2623 1110 2686 et
1132 2612 1274 2688 inverse
1294 2622 1329 2686 et

296 2725 467 2802 distincte
483 2724 599 2800 videri
615 2725 754 2824 possim
778 2726 856 2823 jam
872 2725 928 2798 his
946 2724 1158 2816 observatis,
1186 2736 1330 2824 oportet

296 2838 488 2914 ostendere
505 2837 702 2937 imaginem
715 2837 850 2934 objecti
875 2836 984 2912 ONI
1011 2860 1089 2914 esse
1107 2837 1232 2912 RST.

346 2952 577 3050 Intelligatur
594 2951 733 3027 moveri
747 2951 932 3048 objectum
949 2951 1010 3026 01
1028 2951 1125 3028 inter
1141 2950 1329 3049 parallelas

297 3065 388 3156 OD,
415 3065 484 3139 IM
511 3064 711 3139 indefinite.
765 3063 861 3137 Cum
878 3086 966 3161 ergo
989 3073 1168 3162 punctum
1185 3064 1202 3138 I
1220 3077 1275 3139 est
1294 3063 1328 3136 iu

298 3179 351 3269 M,
378 3177 501 3252 radius
518 3179 564 3252 ab
583 3177 636 3269 M,
661 3201 728 3277 per
752 3200 859 3274 quem
886 3177 1085 3252 refractum
1108 3176 1157 3253 ad
1173 3177 1206 3252 A
1224 3177 1330 3253 debet

297 3291 378 3366 fieri
394 3291 498 3379 visio,
516 3290 654 3365 incidet
675 3291 714 3365 in
741 3291 815 3366 BE
840 3291 989 3389 propius
1011 3290 1060 3366 ad
1086 3293 1116 3366 E
1143 3313 1253 3388 quam
1277 3299 1329 3364 est

297 3413 476 3502 punctum
505 3404 567 3490 H;
601 3415 638 3480 et
665 3428 737 3501 quo
768 3414 974 3480 removetur
1006 3404 1165 3504 longius,
1191 3427 1329 3502 semper

298 3516 440 3592 accedit
457 3517 581 3592 radius
595 3518 672 3614 ejus
684 3518 833 3616 propius
847 3517 894 3592 ad
908 3519 950 3592 E.
1003 3519 1132 3617 Itaque
1145 3518 1177 3594 si
1190 3539 1329 3616 semper

298 3640 540 3718 removeatur,
554 3653 697 3728 semper
714 3629 938 3706 diminuetur
954 3631 1109 3728 angulus
1123 3629 1330 3728 quemfecit

298 3744 456 3819 radiusa
473 3745 629 3818 termino
648 3743 664 3817 Ι
684 3767 767 3818 eum
777 3767 845 3818 axe
859 3742 982 3840 optico
999 3743 1078 3818 DA
1093 3775 1102 3829 ;
1129 3753 1168 3818 et
1180 3768 1253 3841 quo
1267 3743 1329 3817 ob-

294 3859 432 3954 jectum
456 3857 600 3954 longius
623 3867 842 3944 removetur,
864 3879 1036 3932 eoaxem
1053 3856 1217 3954 opticum
1234 3865 1329 3932 secat

297 3970 337 4045 in
350 3981 489 4069 puncto
502 3969 672 4069 propiore
686 3970 791 4045 adO.
834 3971 1037 4046 Evaneseet
1053 3970 1167 4068 igitur
1180 3969 1329 4068 angulus

298 4085 427 4182 inquo
445 4084 538 4158 radii
556 4083 601 4158 ab
619 4085 651 4157 Ο
669 4084 741 4158 etl
760 4107 798 4158 se
815 4094 944 4158 mutuo
962 4093 1099 4176 secant,
1126 4082 1165 4158 in
1182 4083 1259 4182 ipso
1275 4081 1328 4164 Os

298 4197 439 4273 nullum
453 4198 549 4272 anim
563 4208 741 4296 punctum
759 4207 814 4270 est
831 4197 927 4272 inter
944 4197 976 4272 Ο
995 4206 1031 4272 et
1049 4199 1088 4287 F,
1114 4195 1152 4270 in
1171 4220 1243 4295 quo
1254 4192 1328 4270 axis

299 4335 373 4385 non
391 4323 534 4384 secatur
557 4334 579 4383 a
601 4309 702 4385 radio
728 4309 949 4407 procedente
974 4309 1019 4382 ab
1047 4308 1168 4406 aliquo
1196 4319 1327 4407 puncto
