2912 4912
297 329 352 382 nn
373 329 568 383 moerore
590 329 851 399 nurnrcnrrs,
870 329 958 384 uro.
1106 317 1153 384 85

108 493 203 569 illud
230 518 435 570 convexum
460 495 610 582 habent,
636 495 817 590 optimum
844 495 1027 588 illudent,
1051 497 1155 594 cujus
1188 531 1286 584 sm,
1300 531 1339 584 u.

107 609 311 705 dioptrum,
331 609 431 706 quod
447 609 592 705 objecto
616 607 832 698 obvertitur,
849 609 1019 684 maximae
1036 610 1155 710 ephae-
1194 610 1336 716 „L

107 746 160 796 rae
191 722 316 818 portio
347 733 424 806 est;
454 720 565 795 modo
592 729 737 808 eaetera,
766 720 940 796 nimirum
965 722 1052 798 vitri
1077 747 1154 798 ma-

106 835 204 908 teria
238 845 277 910 et
310 837 439 932 figurae
473 845 645 908 accurata
681 835 897 926 efformatio,
932 836 1037 933 paria
1068 837 1153 912 sint.

107 949 208 1022 Nam
236 959 275 1022 et
298 951 417 1046 major
441 949 513 1022 erit
537 947 693 1044 angulus
717 947 885 1038 vinoriun,
910 948 1009 1023 unde
1036 953 1154 1048 majus

105 1063 305 1158 apparebit
331 1063 527 1160 objectum,
552 1073 591 1136 et
614 1061 781 1159 pluribus
806 1063 917 1138 radiis
940 1063 1005 1138 fiet
1021 1065 1155 1140 illumi-

105 1175 235 1259 natio;
264 1175 317 1249 ita
343 1186 386 1248 ut
415 1174 582 1272 quamvis
609 1177 727 1271 majus
755 1187 929 1272 appareat
956 1177 1153 1274 objectum,

105 1313 184 1362 non
201 1301 327 1362 tamen
355 1289 437 1362 ideo
462 1288 583 1362 minus
600 1288 769 1362 videatur
791 1289 941 1362 clarum.
994 1290 1154 1388 Ideoque

106 1404 146 1476 in
175 1402 352 1476 distincte
376 1400 543 1475 videndis
569 1411 795 1475 remotorum
818 1402 1047 1499 objectorum
1071 1428 1155 1504 par-

106 1518 207 1590 tibus
221 1516 496 1604 minutioribus,
510 1537 580 1610 ope
593 1513 781 1611 telesoopii
796 1538 839 1588 eo
852 1537 967 1611 usque
981 1517 1154 1614 progredi

105 1641 232 1726 potest
258 1629 412 1702 scientia
436 1629 609 1716 humana,
632 1651 821 1724 quousque
846 1629 1001 1702 materia
1021 1629 1154 1706 idonea

105 1766 316 1839 manusque
329 1742 512 1815 artificum
527 1766 601 1814 non
614 1755 833 1838 repugnent.
869 1742 993 1816 Potest
1006 1741 1168 1838 quidem'

105 1857 188 1930 fieri
205 1869 250 1929 ut
267 1879 335 1953 per
353 1856 539 1952 dioptrum
563 1879 766 1930 convexum
791 1854 943 1952 ephaerae
960 1855 1154 1931 mediocris

105 1970 329 2066 portionem,
348 1966 494 2065 objecti,
518 1979 696 2065 quantum
722 1968 804 2064 quis
820 1968 921 2058 velit,
939 1969 1153 2066 magnitudo

106 2105 290 2180 apparens
316 2080 535 2177 amplietur;
565 2078 711 2177 dioptro
741 2081 881 2156 scilicet
909 2081 1025 2156 altero
1053 2080 1153 2156 facto

106 2195 252 2269 minore
269 2222 277 2268 :
297 2194 363 2268 sed
379 2207 503 2268 tamen
528 2193 718 2284 inutiliter,
737 2219 822 2266 oum
839 2195 876 2270 in
895 2195 995 2270 omni
1012 2195 1153 2291 magni-

105 2309 236 2382 tudine
255 2318 467 2404 apparente,
490 2307 554 2380 ubi
579 2306 766 2403 dioptrum
792 2307 892 2404 quod
918 2309 1062 2405 objecto
1088 2310 1154 2383 ob-

105 2422 267 2496 vertitur
283 2421 382 2494 idem
398 2430 534 2510 manet,
552 2419 662 2493 etiam
679 2420 802 2493 lumen
820 2420 917 2494 idem
935 2421 1028 2506 erit;
1054 2421 1154 2518 quod

106 2535 258 2632 quidem
282 2535 407 2608 lumen
432 2534 471 2607 in
496 2533 635 2630 majore
671 2533 786 2608 totius
811 2534 1027 2630 apparentia
1055 2534 1153 2610 idem

107 2649 282 2736 aristone,
298 2647 367 2721 erit
380 2657 504 2720 tamen
518 2646 556 2719 in
569 2646 736 2743 partibus
747 2644 899 2742 singulis
910 2646 1029 2720 minus
1043 2671 1152 2743 quam

107 2763 146 2836 in
179 2761 350 2860 partibus
384 2759 596 2856 aequalibuS,
628 2759 691 2833 ubi
725 2759 940 2855 magnitudo
973 2783 1152 2856 apparens

107 2875 229 2948 minor
247 2883 315 2948 eat.

157 2995 195 3061 9.
222 2985 511 3082 Microsoopium
538 2984 718 3082 optimum
739 2985 841 3078 (nam
869 2985 965 3060 vitra
986 2985 1150 3082 pluribus
1163 2987 1346 3114 ffffiss

8 3131 10 3148 ·
108 3101 227 3176 modis
239 3099 516 3174 conformantur
529 3110 567 3172 et
580 3099 661 3193 conj
666 3109 857 3194 unguntur
866 3100 916 3172 ad
925 3099 1150 3174 reddendam
1163 3121 1299 3178 manin
1312 3135 1339 3164 a

107 3211 404 3312 magnitudinem
422 3223 659 3312 apparentem
676 3213 904 3286 minutorum
921 3213 1149 3310 objectorum
1162 3185 1346 3296 fflfflwffi·

107 3329 301 3425 majorem)
326 3325 419 3401 illud
448 3337 516 3414 est,
545 3326 645 3423 quod
673 3327 717 3398 fit
743 3349 789 3400 ex
816 3324 959 3418 duobus
996 3327 1150 3426 dioptris

106 3441 294 3530 convenia,
309 3463 477 3536 quorum,
496 3438 597 3536 quod
612 3438 765 3512 minoris
779 3439 933 3535 sphaerae
945 3441 1067 3538 portio
1082 3453 1149 3534 est,

108 3555 255 3652 objecto
273 3553 490 3651 applicatur,
508 3552 666 3627 aiterum
693 3553 927 3650 interipsum
950 3565 988 3628 et
1004 3555 1152 3630 oculum

108 3665 381 3764 interponitur;
407 3665 460 3740 ita
476 3676 520 3739 ut
544 3665 825 3762 miorosoopium
849 3666 921 3768 hoo
937 3666 1029 3741 nihil
1051 3666 1151 3742 aliud

109 3783 155 3855 sit
170 3790 311 3878 praeter
328 3779 567 3877 telescopium
592 3779 789 3852 inversum.
842 3779 1036 3854 Rationem
1063 3804 1150 3854 oon-

110 3893 324 3968 struotionis
342 3893 420 3988 ejus
442 3891 623 3986 (adhibita
639 3893 759 3988 figura
775 3895 902 3988 sexta),
919 3915 1018 3967 nuno
1036 3893 1150 3992 expli-

110 4009 289 4082 oabimuS.

159 4122 218 4196 Sit
239 4120 295 4214 (in
320 4119 440 4216 figura
465 4118 586 4215 sexta)
606 4119 735 4194 oordus
754 4119 783 4192 A
798 4119 829 4194 B
843 4120 884 4212 C,
902 4129 1071 4194 centrum
1092 4143 1150 4194 re·

111 4234 198 4308 tinae
227 4233 274 4322 D,
292 4231 370 4306 axis
392 4232 536 4330 opticus
560 4232 636 4308 ΕΙ)
649 4231 688 4308 C.
742 4232 797 4308 Sit
824 4232 1009 4331 dioptrum
1032 4233 1149 4328 maJus
