2918 4912
298 275 370 342 256
706 288 936 342 rurnuruu.

99 484 199 545 seor.
218 485 271 536 111.
297 479 388 542 esse.
442 455 571 530 Hostis
594 466 720 530 autem
738 467 795 531 est
814 457 967 554 quisque
986 457 1130 554 auique,
1149 459 1209 532 oui
1227 483 1352 555 neque

111 561 255 666 Δρ
297 580 404 666 paret
420 593 542 666 neque
566 570 736 667 imperat.
789 575 912 668 Atque
938 572 1009 644 hoe
1032 570 1155 660 modo,
1180 572 1220 646 in
1249 585 1353 647 statu

296 693 439 756 naturae
458 684 576 757 omnis
593 707 775 780 puerpera
792 685 901 758 simul
932 695 970 756 et
996 693 1119 757 mater
1141 687 1187 758 fit
1216 697 1256 758 et
1284 686 1351 760 do-

293 796 409 871 mina.
462 797 574 879 Quod
602 821 689 870 vero
720 798 872 894 quidam
895 799 1011 894 ajunt,
1039 821 1116 870 non
1133 808 1293 870 orzatrem
1311 799 1352 878 in

292 910 369 984 ·hoe
385 933 486 1000 casu,
505 910 571 984 sed
590 919 747 1008 patrem
763 911 845 983 fieri
860 909 1057 999 dominum,
1075 922 1231 1006 propter
1253 935 1353 1008 prae-

296 1021 472 1099 stantiam
498 1047 617 1114 sexuS,
635 1022 731 1096 nihii
745 1035 824 1108 est;
851 1047 938 1100 nam
955 1034 993 1095 et
1010 1021 1104 1095 ratio
1132 1022 1173 1096 in
1200 1035 1352 1096 eontra—

296 1136 393 1208 rium
410 1148 476 1222 est,
496 1135 581 1233 quia
597 1137 825 1234 inaequalitas
842 1136 975 1209 virium
989 1135 1215 1210 naturalium
1228 1137 1353 1211 minor

293 1257 363 1338 est,
383 1272 493 1344 quam
509 1261 552 1322 ut
566 1273 646 1322 mas
669 1249 708 1322 iu
720 1249 924 1345 foeminam
941 1248 1137 1344 imperium
1155 1249 1236 1322 sine
1253 1250 1352 1324 bello

295 1361 484 1457 acquirere
501 1362 639 1458 possit:
667 1375 705 1436 et
732 1360 959 1435 cousuetudo
971 1361 1011 1434 in
1028 1362 1258 1434 eontrarium
1275 1387 1352 1437 non

294 1484 376 1558 est;
404 1475 687 1570 quiafoemr'ooe,
715 1475 890 1548 nimirum
908 1475 1129 1565 Amazones,
1155 1477 1349 1570 quondam

295 1588 392 1663 bella
409 1598 538 1662 contra
560 1589 685 1662 hostes
702 1598 907 1685 gesserunt,
926 1600 965 1662 et
990 1587 1037 1660 de
1052 1588 1169 1686 prole
1197 1613 1268 1662 sua
1284 1614 1351 1667 suo

295 1701 403 1774 libitu
414 1713 638 1787 statuerunt;
655 1702 838 1798 hodieque
848 1701 1016 1798 pluribus
1026 1701 1066 1774 in
1076 1701 1167 1774 locis
1175 1701 1351 1797 foemioae

294 1827 385 1889 sunt
402 1839 487 1888 cum
498 1839 634 1888 summo
646 1815 817 1912 imperio.
845 1815 977 1910 Neque
995 1814 1041 1887 de
1058 1813 1192 1888 harum
1211 1813 1351 1889 liberie

294 1940 464 2002 statuunt
481 1929 623 2017 mariti,
642 1928 708 2002 sed
725 1929 839 2025 ipaoe;
866 1927 966 2023 quod
983 1951 1071 2001 sane
1088 1929 1182 2022 jore
1200 1939 1351 2002 nature

293 2041 448 2131 faciunt,
467 2040 648 2137 siquidem
675 2041 738 2138 qui
766 2064 950 2113 summum
978 2040 1119 2113 habent
1149 2040 1351 2138 imperium

294 2154 436 2250 legibus
454 2155 632 2244 civilibus,
650 2167 694 2228 ut
710 2177 821 2250 supra
838 2163 1024 2227 ostensum
1036 2165 1104 2243 est,
1123 2178 1201 2227 non
1218 2165 1351 2230 tenen-

296 2279 370 2340 tur.
422 2267 529 2341 Adde
550 2267 649 2364 quod
671 2268 710 2342 in
740 2279 841 2342 statu
857 2276 1001 2340 naturae
1020 2267 1106 2340 seiri
1128 2290 1207 2344 non
1224 2279 1351 2364 potest

195 2409 222 2420 ¹·
264 2415 266 2422 ,
296 2383 401 2476 eujus
422 2381 558 2478 patria
573 2381 688 2475 filias
706 2393 773 2471 est,
792 2381 865 2454 nisi
894 2379 1031 2453 indicio
1050 2380 1201 2454 aratris.
1255 2382 1352 2477 Ejus

294 2492 409 2589 igitur
426 2504 482 2566 est
507 2518 618 2589 quem
643 2503 764 2566 mater
787 2493 868 2568 vult
894 2517 979 2565 eum
1005 2515 1097 2582 esse,
1117 2505 1157 2566 et
1185 2494 1347 2590 proinde

295 2608 430 2679 matris
448 2617 514 2679 est.
567 2605 755 2701 Originale
782 2604 897 2701 igitur
913 2605 952 2678 in
981 2604 1123 2678 liberos
1141 2605 1351 2682 dominium

292 2721 429 2794 matria
461 2730 516 2794 est
530 2751 551 2805 ;-
584 2731 620 2798 et
655 2719 754 2815 apud
780 2717 948 2792 homines
977 2743 1054 2792 uon
1081 2719 1205 2793 minus
1234 2744 1350 2816 quam

294 2845 429 2914 caetera
445 2833 657 2921 animantia,
674 2843 803 2928 partus
820 2842 987 2905 ventrem
1004 2833 1183 2929 sequitur.

83 2965 283 3042 paepositus,
343 2957 379 3020 4.
406 2948 577 3019 Amotre
594 2957 717 3018 autem
734 2944 783 3017 ad
796 2945 888 3018 alios
914 2943 1048 3018 transit
1066 2945 1274 3019 dominium
1293 2948 1351 3021 di-

83 3037 282 3139 31ἶεῖἷίιῖιῖμο
293 3062 407 3133 versis
424 3060 556 3135 modis,
610 3059 744 3148 Primo,
763 3058 795 3131 si
809 3058 869 3153 jus
888 3081 996 3130 suum
1014 3057 1255 3155 dereliquerit
1273 3062 1350 3136 sive

294 3172 603 3268 abjeceritfilium
617 3171 847 3270 exponendo.
885 3171 921 3244 Is
934 3169 1049 3266 igitur
1060 3171 1123 3267 qui
1137 3173 1350 3267 expositum

294 3285 515 3375 educaverit,
533 3285 632 3360 idem
647 3284 800 3361 habebit
818 3284 1034 3374 dominium,
1059 3285 1160 3380 quod
1184 3285 1351 3366 habebat

293 3411 426 3474 mater.
453 3401 578 3473 Vitam
589 3399 686 3472 enim
700 3421 811 3493 quam
822 3407 942 3470 mater
954 3422 1030 3472 non
1038 3400 1350 3496 gerzerandqsed

294 3512 429 3588 alendo
444 3513 833 3610 dederateapooeodo
844 3511 958 3597 tollit;
974 3536 1088 3608 quare
1102 3523 1140 3587 et
1153 3514 1348 3612 obligatio,

293 3652 376 3723 quae
400 3637 481 3701 orta
503 3636 559 3700 est
582 3649 634 3699 ex
655 3625 741 3698 vitae
759 3624 969 3714 donatione,
986 3649 1055 3721 per
1071 3629 1350 3724 ompositionem

293 3741 437 3824 sublata
453 3751 520 3813 est.
572 3741 617 3813 Ei
640 3749 775 3828 autem,
804 3738 868 3834 qui
894 3739 1016 3836 ipsum
1045 3739 1178 3814 alendo
1196 3765 1350 3816 conser-

292 3854 403 3943 vavit,
422 3853 545 3926 omnia
562 3852 673 3926 debet
698 3864 947 3942 conservatus,
966 3864 1005 3925 et
1021 3847 1173 3927 nomine
1192 3855 1348 3944 alumni,

294 3979 470 4062 tanquam
488 3965 613 4055 matri,
629 3976 667 4038 et
684 3965 833 4037 nomine
850 3965 965 4055 servi,
986 3977 1165 4062 tanquam
1184 3967 1348 4042 domiuo.

292 4079 374 4162 Etsi
389 4078 487 4151 enim
505 4086 625 4150 taeter
643 4075 762 4150 filium
778 4076 817 4150 in
836 4087 936 4150 statu
959 4087 1115 4170 naturae,
1133 4080 1198 4152 ubi
1222 4083 1352 4158 omnia

292 4204 379 4272 suut
403 4190 578 4281 omnium,
596 4200 763 4288 repetere
790 4188 919 4285 possit,
937 4189 1069 4270 eodem
1094 4190 1259 4268 sicilicet
1263 4195 1350 4290 jure
