2904 4912
302 257 374 323 388
447 289 450 298 2
538 325 540 332 ,
728 269 916 322 numero.

108 454 206 521 sac'rg
221 471 272 520 111,
303 437 441 534 templa
458 435 664 519 aedificare;
690 435 856 531 pondera
880 435 1045 532 ingentia
1061 459 1223 526 movere,
1240 435 1349 524 fene,

121 549 264 653 ᾧ
304 550 455 633 tollere3
495 549 612 621 maria
645 559 728 621 tuto
763 549 1039 633 transmittere;
1078 548 1271 621 machinas
1305 549 1353 621 ad

92 690 122 732 1e
123 690 179 732 rone
181 688 265 732 tadau
250 700 287 730 ue
305 685 453 737 omnem
468 661 556 736 vitae
582 685 690 734 nsum
716 665 953 747 construere;
981 662 1079 735 orbis
1095 673 1284 736 terrarum
1299 662 1353 734 sa-

92 752 264 876 misici?
305 777 410 867 ciem,
429 776 590 848 siderum
607 797 747 865 cursus,
765 775 853 848 anni
870 785 1119 871 tempestates,
1141 786 1354 871 temporum

92 883 210 1006 ξξᾛᾱξο
209 896 251 990 ξζζ
249 884 295 996 ⁸22³
306 890 480 978 retronea,
508 895 546 961 et
573 888 731 983 deniqne
758 898 929 960 naturam
957 911 1080 962 rerum
1106 912 1353 985 cognoscere;

93 1019 156 1122 {rap
157 1027 196 1121 ζ
185 1006 316 1120 {abac
303 1027 389 1100 Jura
403 1001 586 1074 naturalia
600 1011 637 1074 et
654 1000 777 1074 civilia
788 999 944 1085 callere;
971 1000 1209 1097 scientiaeque
1227 1024 1355 1075 omnes

308 1140 391 1212 quae
407 1113 650 1212 philosophiae
666 1113 816 1187 nomine
830 1113 1207 1208 comprehenduntur,
1219 1115 1357 1210 partim

307 1230 354 1304 ad
371 1227 581 1316 vivendum,
595 1226 733 1324 partim
750 1225 799 1300 ad
810 1226 906 1298 bene
922 1226 1122 1300 vivendum
1138 1229 1357 1301 necessariae

308 1353 417 1425 sunt3
450 1340 584 1414 horum
609 1339 775 1429 scientia,
807 1339 895 1436 quia
925 1340 1141 1415 Cnmsuus
1171 1365 1256 1414 eam
1283 1365 1358 1415 non

309 1455 475 1545 tradidit,
493 1452 785 1543 ratiocinatione,
798 1451 838 1526 id
855 1463 922 1544 est,
944 1455 1104 1527 texendo
1131 1477 1360 1551 consequeu-

309 1571 380 1644 tias
399 1568 506 1642 initio
533 1577 654 1640 sumto
684 1568 731 1640 ab
757 1567 1007 1664 experientiis
1036 1567 1265 1641 addiscenda
1291 1579 1358 1641 est.

312 1683 386 1757 Sed
402 1681 704 1755 ratiocinationes
721 1681 926 1770 hominurn,
943 1681 1132 1755 interdum
1158 1695 1286 1771 rectae,
1303 1683 1360 1754 in-

311 1795 459 1870 terdum
472 1817 635 1868 erroneae
647 1806 755 1880 sunt,
774 1805 813 1868 et
825 1781 991 1890 proinde,
1006 1794 1047 1868 id
1056 1794 1159 1891 quod
1171 1795 1360 1870 concludi-

312 1918 374 1981 tur
404 1920 443 1981 et
475 1915 624 1980 tenetur
655 1931 724 2004 pro
758 1906 926 1997 veritate,
958 1909 1181 2005 quandoque
1210 1909 1361 1994 veritas,

313 2021 534 2118 quandoque
560 2044 665 2094 error
682 2029 749 2094 est.
801 2021 955 2094 Errores
980 2031 1105 2094 autem
1121 2022 1238 2095 etiam
1264 2022 1362 2095 circa

311 2133 567 2232 philosophica
590 2133 671 2207 haec
695 2132 892 2262 aliquando
919 2143 1057 2207 nocent
1080 2134 1241 2232 publice,
1259 2159 1362 2231 mag-

314 2269 519 2342 narumque
554 2246 777 2320 seditionum
811 2257 849 2320 et
877 2247 1098 2343 iujuriarum
1127 2250 1364 2323 occasionem

314 2362 492 2458 praebent.
545 2359 702 2489 Opertet
727 2360 852 2456 igitur,
871 2360 1015 2457 quoties
1033 2384 1248 2459 repugnans
1264 2363 1363 2434 bono
1440 2325 1441 2416 l

314 2474 462 2571 publico
480 2483 518 2547 et
539 2473 624 2571 paci
642 2474 829 2547 communi
847 2475 1100 2548 controversia
1117 2473 1163 2548 de
1180 2475 1241 2549 his
1255 2477 1364 2550 rebus

317 2588 445 2677 oritur,
464 2609 542 2661 esse
570 2587 729 2682 aliquem
756 2587 819 2683 qui
842 2587 888 2659 de
912 2587 1208 2678 ratiocinatione,
1226 2589 1267 2662 id
1298 2601 1364 2678 est,

317 2699 477 2797 anquod
493 2698 662 2790 infertur,
680 2699 984 2787 recteinferatur,
996 2723 1127 2792 necne,
1141 2703 1366 2776 sententiam
1438 2767 1439 2798 ,

317 2815 424 2905 ferat,
454 2823 498 2887 ut
528 2813 779 2887 controversia
804 2812 965 2886 finiatur.
1017 2814 1139 2888 Nullae
1169 2827 1298 2890 autem
1326 2817 1366 2888 in

316 2929 415 3002 hanc
449 2951 528 3000 rem
558 2926 654 3000 datae
683 2927 821 3023 regulae
845 2939 931 3000 suut
956 2951 979 3000 a
1003 2928 1219 3013 Cunero:
1245 2949 1365 3026 neque
1435 2935 1438 3036 l

317 3042 419 3114 enim
434 3040 537 3114 venit
559 3038 598 3112 in
622 3040 722 3114 hunc
739 3039 919 3112 mundum
947 3051 991 3114 ut
1019 3041 1170 3116 doceret
1186 3041 1365 3141 logicam.
1437 3095 1438 3150 ,

320 3141 518 3250 Reliquum
535 3152 648 3248 igitur
658 3163 727 3242 est,
735 3152 878 3249 judices
890 3153 1020 3227 talium
1031 3155 1367 3230 controversiarum

318 3269 469 3343 eosdem
486 3290 578 3357 esse,
597 3290 689 3362 quos
706 3266 806 3340 Deus
827 3290 894 3363 per
909 3279 1081 3342 naturam
1096 3270 1202 3365 prins
1219 3269 1368 3342 institu-

318 3391 414 3472 erat,
430 3380 617 3469 nimirum,
631 3403 706 3469 eos,
726 3379 788 3477 qui
806 3403 984 3454 asummo
997 3380 1203 3478 imperante
1219 3382 1261 3454 in
1278 3403 1368 3454 una-

323 3509 467 3591 quaque
495 3494 644 3568 civitate
672 3495 959 3568 constituuntur.
1011 3495 1138 3586 Porro,
1165 3497 1198 3570 si
1224 3509 1371 3571 contro-

322 3608 444 3683 versia
463 3608 510 3681 de
527 3630 667 3697 eorum,
686 3627 770 3703 quae
786 3607 827 3679 in
843 3630 913 3680 usu
931 3609 1117 3681 commrmi
1131 3617 1232 3698 sunt,
1254 3607 1372 3682 nomi·

322 3747 413 3796 num
438 3721 515 3794 sive
539 3719 828 3817 appellationum
856 3721 1124 3816 significatione
1141 3733 1319 3796 accurata
1335 3733 1371 3794 et

323 3834 484 3933 propria,
502 3833 542 3907 id
570 3831 639 3922 est‘,
658 3833 704 3905 de
731 3833 1006 3907 definitionibus
1029 3835 1243 3924 suscitetur,
1261 3836 1317 3910 ita
1332 3847 1375 3908 ut

324 3948 373 4020 ad
388 3971 519 4045 pacem
536 3946 695 4020 civitatis
713 3947 772 4020 vel
788 3945 837 4020 ad
850 3947 944 4043 juris
962 3946 1265 4021 distributionem
1284 3971 1376 4045 opus

325 4061 373 4134 sit
406 4070 447 4133 ut
483 4059 758 4150 determinetur,
792 4061 995 4157 pertinebit
1034 4061 1299 4136 determinatio
1331 4060 1378 4134 ad

325 4173 527 4247 civitatem.
579 4171 677 4246 Nam
698 4173 910 4271 hujusmodi
928 4173 1164 4249 definitiones
1182 4199 1230 4250 ex
1247 4176 1376 4250 obser-
