2918 4912
339 334 454 395 anon
474 335 556 388 unx
576 334 826 405 utrumme,
844 335 934 388 arc.
1085 313 1156 387 rot

113 503 227 601 pacis.
262 501 367 576 Viam
375 503 492 603 pario
508 505 735 595 nescierunt,
754 513 793 578 et
810 529 882 579 non
899 513 958 578 eet
972 503 1158 602 judicium
1186 531 1284 582 anor.
1300 531 1353 582 ru.

1261 609 1284 656 4.

115 618 153 692 in
160 616 363 716 gressibus
373 641 510 690 eorum.
526 617 703 692 Miehaeas
712 617 1160 716 v.4,5;loquensdeMes·
1200 679 1344 716 „d

114 731 170 804 sia
181 732 236 804 sie
253 731 307 808 ait
321 762 330 815 ;
350 729 477 804 Stabit
494 739 677 828 etpuooet
690 731 975 830 infortitudine
991 730 1158 818 Domini,

115 853 186 919 ete.
205 844 297 942 quio
315 843 621 942 magnificabitur
635 869 751 942 neque
768 844 824 918 ud
834 845 1014 919 terminos
1032 854 1159 935 terra,

115 968 153 1031 et
169 956 249 1031 erit
265 959 339 1030 iate
351 980 447 1054 poa.
466 956 572 1031 Prov.
586 956 637 1030 iii.
656 967 745 1048 l,u;
772 956 852 1031 Fili
866 957 928 1045 nti,
946 982 992 1031 ne
1006 955 1155 1031 oblivia·

116 1072 223 1145 corio
252 1069 353 1168 legio
386 1095 498 1155 mea;
546 1080 585 1145 et
610 1080 812 1170 praeopta
840 1095 921 1145 meu
956 1095 1024 1145 cor
1059 1079 1160 1143 tirum

116 1184 309 1259 ouetodiot
321 1211 336 1268 ,·
363 1183 637 1282 longitudinem
666 1184 762 1257 eninr
789 1184 946 1275 dierum,
973 1193 1011 1257 et
1041 1207 1160 1258 annor

115 1298 212 1387 oitn,
226 1309 265 1371 et
278 1322 412 1396 paoem
430 1305 622 1396 apponent
638 1297 721 1371 tibi.

164 1420 203 1484 4.
232 1410 345 1485 Quod
362 1411 498 1485 attinet
515 1410 563 1484 ad
576 1411 696 1506 legem
713 1410 882 1507 primam,
900 1411 947 1485 de
961 1409 1161 1485 eommuni—
1173 1420 1342 1532 {epm

117 1535 197 1598 tute
208 1523 367 1597 omnnium
379 1549 503 1596 rerum
516 1522 714 1614 abolendo,
729 1524 804 1598 sive
822 1525 869 1598 de
886 1524 1161 1599 introductione
1174 1501 1367 1596 ffmmuanb

115 1639 187 1712 mei
214 1650 255 1710 et
282 1638 349 1727 tui,
380 1637 556 1711 habemus
590 1637 761 1734 primum,
793 1662 904 1735 quam
931 1638 1086 1712 adversa
1113 1617 1355 1728 sit‘',¹,¹,J³{„,¹²'{¹,¹{'mm

114 1752 200 1848 paci
213 1751 458 1824 communitas
471 1751 597 1840 illa,ex
610 1750 731 1824 verbis
742 1750 943 1825 Abrahami
956 1751 1162 1841 adlatum,

116 1866 207 1940 Gen.
221 1863 343 1955 xiiia,
357 1873 380 1938 9
396 1895 405 1948 ;
425 1864 487 1938 Ne
498 1887 625 1963 qnoeao
638 1863 691 1936 ait
693 1864 869 1964 jurgium
883 1866 981 1938 inter
992 1889 1048 1938 nte
1062 1873 1100 1938 et
1114 1872 1163 1954 te,

115 1988 153 2054 et
185 1979 489 2075 interpretatores
511 2001 608 2050 neon
638 1985 676 2049 et
702 1987 882 2075 pastores
913 1987 1008 2052 tuoe.
1059 1975 1164 2050 Eece

114 2092 294 2164 nnioeroo
312 2100 421 2163 terro
441 2099 499 2163 eat
517 2112 644 2162 corum
661 2097 710 2178 te,
728 2089 865 2163 recede
881 2115 906 2162 o
924 2115 980 2162 nne
996 2088 1163 2164 obsecro.

115 2205 163 2277 Et
176 2203 300 2301 legem
317 2202 363 2276 de
381 2203 617 2276 distinetione
630 2202 752 2274 nostri
766 2212 805 2274 et
815 2201 933 2275 alieni
945 2203 1165 2276 confirmant

115 2317 244 2391 omnia
276 2317 340 2390 illa
367 2317 567 2412 Scripturae
599 2338 714 2388 sacrae
743 2315 838 2405 loca,
865 2316 996 2413 quibus
1023 2315 1164 2389 invasio

115 2431 155 2505 in
180 2431 344 2504 alienum
370 2429 598 2526 prohibetur,
621 2438 676 2518 nt,
704 2453 775 2502 non
802 2429 964 2520 occider,
982 2454 1054 2502 non
1067 2430 1165 2527 sur-

116 2543 260 2632 oberio,
291 2566 362 2615 non
392 2541 649 2615 noeoboberia.
719 2542 941 2639 Supponunt
973 2543 1072 2616 enim
1102 2543 1164 2639 jus

117 2658 285 2732 omnium
302 2655 342 2729 in
360 2656 485 2728 omnia
502 2654 687 2728 sublatum
705 2677 795 2727 esse.

168 2781 205 2845 5.
231 2769 372 2843 Eadem
387 2787 575 2866 praecepta
600 2768 791 2842 stabiliunt
821 2769 941 2865 legem
956 2769 1164 2844 naturalem
1175 2783 1356 2892 {baffia

118 2881 322 2958 secumdam
339 2881 386 2955 de
403 2880 700 2977 aeroaudofide.
742 2881 844 2957 Quid
862 2884 961 2957 enim
977 2883 1077 2957 aliud
1095 2893 1163 2974 est,
1177 2861 1379 2959 dannaia

119 3023 191 3072 non
220 2993 377 3069 invades
396 2997 433 3068 in
460 2995 634 3082 alienum,
653 3020 764 3092 qnam
790 3021 861 3070 non
879 2996 1035 3071 innodes
1053 2997 1092 3070 in
1111 2997 1164 3087 id,

119 3110 224 3210 quod
232 3119 353 3207 poeto
372 3118 436 3181 tuo
454 3119 553 3182 tuum
571 3134 654 3182 ease
676 3109 804 3183 desiit.
839 3109 1165 3206 Expresseautem,

120 3225 243 3300 Psalm
259 3223 414 3296 xiv.ver.
429 3233 464 3313 5,
476 3223 666 3320 quaerenti,
685 3222 856 3312 Domine,
875 3225 961 3320 quie
977 3222 1168 3298 habitabit

120 3339 160 3411 in
198 3335 445 3410 tabernaculo
480 3343 579 3410 tuot
611 3361 829 3434 responsum
863 3347 930 3427 est,
965 3339 1032 3436 qui
1052 3340 1168 3432 jurat

118 3449 294 3548 proniora
312 3471 392 3536 aeto,
405 3458 443 3521 et
461 3473 533 3522 non
551 3447 708 3546 decipit.
758 3450 807 3523 Et
820 3451 991 3524 Proverb.
1006 3451 1054 3524 vi.
1079 3461 1166 3542 l,2:

18 3639 20 3644 ,
121 3563 199 3638 Fili
217 3563 279 3652 mi,
294 3562 330 3635 ai
347 3562 600 3660 spoponderit
612 3587 690 3662 pro
704 3563 824 3637 antico
843 3573 918 3654 tuo,
937 3563 1168 3662 illaqueatus

122 3704 162 3752 ea
179 3677 306 3750 oerbio
324 3676 405 3748 orio
423 3678 489 3749 tui.

171 3801 208 3865 6.
235 3790 399 3864 Tertiam
415 3791 547 3886 legem,
562 3791 608 3864 de
626 3791 883 3888 gratitudine,
901 3802 1071 3866 asserunt
1087 3791 1168 3864 haee
1181 3817 1339 3894 lunone

123 3907 214 3980 loca.
267 3905 378 3979 Dent.
396 3930 481 3978 xxv.
500 3914 548 3979 4:
575 3905 664 3978 Non
692 3905 887 3979 obturabis
911 3931 953 3978 oa
979 3905 1082 3978 booiu
1100 3881 1364 4006 tri-ffiffi',

125 4019 303 4091 tarantis.
356 4018 400 4091 Id
429 4017 529 4114 qnod
557 4030 706 4091 sanctus
732 4018 877 4108 Paulus,
911 4028 925 4092 l
958 4017 1044 4092 Cor.
1062 4017 1112 4090 ir.
1131 4025 1168 4106 9,

126 4131 170 4204 de
194 4130 405 4204 hominibus
423 4130 564 4204 dictum
591 4131 867 4227 interpretatur,
885 4155 961 4204 non
978 4130 1025 4204 de
1047 4131 1168 4204 bubus

126 4255 282 4320 tantum.
334 4244 441 4318 Prov.
473 4243 559 4318 xvii.
597 4253 664 4317 13:
698 4243 771 4330 Qui
797 4243 927 4317 reddit
961 4243 1062 4318 rnatu
1091 4267 1170 4341 pro
