2904 4916
257 305 312 360 nn
332 305 474 361 nunno
495 305 569 360 nnn
588 305 669 362 nnn
688 307 907 362 urrunnu.
1045 295 1119 362 333

69 486 279 572 agnoscunt
307 497 428 573 neque
458 475 578 550 minas
604 487 787 553 metuunt.
841 477 917 552 Soli
942 475 1057 575 igitur
1082 473 1122 549 in
1148 511 1246 562 spen,
1262 511 1313 563 111,

68 612 185 685 regno
209 588 280 663 Dei
311 589 485 664 censendi
513 600 611 682 sunt,
644 591 708 689 qui
735 591 855 690 ipsum
879 601 916 666 et
939 603 1122 666 rectorem
1163 587 1307 696 „L

69 701 236 776 omnium
246 726 371 777 rerum
379 715 517 796 esse,et
523 715 728 804 precepta
737 705 947 780 hominibus
957 703 1121 792 dedisse,

70 827 106 889 et
133 839 273 914 panas
303 817 343 891 in
371 827 661 914 transgressores
690 817 873 892 statuisse
901 827 1121 915 agnoscunt.

70 929 236 1004 Caeteros
253 954 331 1006 non
347 930 526 1022 subditos,
539 930 606 1006 sed
622 931 748 1007 hostes
765 932 835 1007 Dei
852 933 1039 1032 appellare
1056 930 1121 1006 de-

68 1045 213 1118 bemus.

119 1165 155 1230 3.
183 1157 327 1254 Regere
343 1167 468 1232 nutem
487 1157 701 1258 praecptis
717 1182 793 1234 non
811 1159 958 1250 dicitnr,
974 1160 1046 1234 nisi
1062 1159 1126 1257 qui
1138 1176 1236 1256 votum
1246 1175 1289 1254 ⁰0}

69 1269 248 1367 regendis
265 1282 451 1370 praeoeptu
468 1295 535 1346 sua
559 1283 687 1371 aperte
705 1273 870 1348 declarat
885 1303 895 1358 ;
921 1295 1009 1347 nam
1018 1297 1126 1374 prce-
1138 1243 1308 1360 mmo.

69 1394 185 1485 cepta
199 1385 407 1482 regentium
423 1386 524 1484 leges
542 1399 628 1461 sunt
644 1386 690 1460 iis
703 1387 767 1484 qui
780 1397 972 1485 reguntur.
998 1385 1126 1486 Leges
1139 1373 1258 1432 ”mlum

70 1507 199 1572 eutem
225 1522 312 1590 non,
330 1498 402 1572 nisi
427 1523 510 1596 quae
537 1499 732 1598 perspicue
759 1499 1055 1598 promulgentur,
1072 1499 1127 1573 itu

72 1623 115 1686 ut
133 1611 255 1686 omnis
272 1611 424 1686 tollatur
440 1612 662 1710 ignorantiae
679 1613 878 1689 excusatio.
905 1612 1024 1710 Leges
1040 1635 1125 1688 suas

69 1725 240 1800 homines
259 1723 409 1822 quidem
434 1724 545 1800 aerbo
574 1725 650 1800 sive
676 1750 765 1800 voce
789 1725 1038 1824 promulgant,
1056 1749 1125 1800 neo

70 1839 144 1914 alio
162 1837 275 1913 modo
292 1839 523 1914 voluntatem
536 1863 641 1914 suam
653 1839 908 1916 universaliter
921 1839 1127 1938 significum

70 1965 240 2050 possunt.
299 1953 371 2028 Dei
387 1967 513 2029 autem
531 1954 637 2054 leger
655 1953 791 2053 triplici
808 1952 919 2029 modo
937 1953 1127 2028 declaran-

70 2079 144 2142 tur.
199 2067 333 2158 Primo,
345 2091 424 2167 per
442 2067 565 2142 tacita
586 2077 704 2143 reeta
726 2067 890 2142 rationis
908 2066 1126 2141 dictamina.

73 2181 258 2270 Secundo,
270 2205 348 2280 per
364 2179 630 2256 revelationem
643 2180 907 2274 immediatam,
926 2203 1009 2279 quae
1020 2179 1128 2256 intel-

72 2295 202 2392 ligitur
229 2294 310 2368 fieri
343 2317 410 2392 per
443 2319 566 2368 aoeern
597 2295 939 2395 supernaturalem,
969 2294 1029 2368 vel
1062 2317 1129 2392 per

78 2408 268 2494 oisionern,
285 2406 345 2480 vel
366 2408 555 2498 somniant,
569 2407 629 2481 vel
645 2407 933 2508 inspirationem
949 2430 1015 2481 seu
1031 2407 1130 2481 affla-

72 2534 154 2596 tum
171 2521 356 2596 divinum.
399 2520 539 2612 'lertio
545 2546 624 2622 per
640 2545 764 2594 vocem
780 2521 943 2618 alicujus
960 2521 1129 2612 laminis,

73 2659 184 2732 quem
197 2635 298 2708 Deus
311 2658 485 2740 ‚pervers
501 2634 680 2710 mula
696 2632 806 2724 edita,
819 2647 863 2709 ut
879 2635 953 2709 fide
964 2634 1129 2732 dignum,

73 2750 221 2825 eaeteris
255 2750 538 2825 commendavit.
591 2750 628 2824 Is
657 2761 795 2840 eutem,
824 2751 928 2846 eujus
954 2772 1047 2823 voce
1078 2747 1130 2821 sio

73 2865 197 2939 utitur
209 2862 311 2938 Deus
320 2863 371 2936 ad
381 2863 613 2939 voluntatem
623 2885 729 2936 suam
741 2861 823 2936 aliis
838 2859 1130 2958 significandam,

72 2987 231 3052 vocatur
259 2999 492 3053 Pnonnnrtl.
543 2978 634 3052 'l'res
661 2976 701 3051 hi
734 2974 835 3050 modi
873 2975 947 3050 diei
976 2986 1132 3072 possunt

71 3093 214 3189 triplex
240 3091 390 3167 verbam
416 3091 505 3180 Dei,
530 3090 717 3181 nimirum,
747 3089 898 3164 verbm
928 3088 1131 3180 rationale,

73 3206 228 3281 nabata
244 3205 434 3298 sensibile,
454 3219 492 3281 et
508 3204 657 3280 verbam
666 3203 944 3304 propheticam.
986 3202 1131 3280 Quibus

73 3319 305 3418 respondent
320 3331 396 3395 tres
410 3319 524 3411 modi,
537 3317 670 3416 quibus
683 3315 812 3390 audire
824 3317 945 3391 Deum
960 3315 1130 3406 dicimur,

74 3433 325 3536 ratiocinatio
346 3443 468 3526 reeta,
486 3456 628 3522 sensas,
648 3441 687 3506 et
704 3429 823 3526 fides.
883 3428 1042 3504 Verbum
1061 3429 1132 3503 Dei

73 3547 259 3622 sensibile
285 3547 334 3621 ad
361 3571 498 3646 paucos
529 3545 671 3620 factum
699 3555 906 3641 estusque
937 3543 1038 3616 Deus
1065 3566 1132 3641 per

75 3661 341 3736 revelationem
367 3660 578 3736 hominibus
604 3659 779 3756 loquutus
805 3667 873 3748 est,
895 3656 968 3731 nisi
993 3655 1132 3730 viritim
1267 3683 1271 3694 ·

75 3789 116 3848 et
147 3775 301 3850 diversis
332 3775 501 3860 diversu3
527 3796 648 3870 neque
677 3771 764 3845 ullae
797 3770 898 3867 leges
925 3769 1031 3866 regni
1059 3768 1131 3842 hoe

74 3889 191 3964 modo
207 3889 345 3986 populo
362 3887 428 3962 ulli
445 3886 690 3986 promulgata
701 3885 863 3958 fuerunt.

127 4013 166 4076 4.
194 4003 264 4077 Pro
282 4001 490 4076 differentia
514 4013 640 4077 autem
666 4023 749 4096 quae
776 4009 833 4072 est
858 3997 955 4072 inter
983 3992 1301 4078 verbumst—mne

74 4117 150 4192 Dei
167 4115 360 4190 rationale
381 4127 420 4189 et
431 4114 710 4215 propheticam,
728 4112 808 4185 Deo
825 4133 980 4206 regnum
998 4107 1133 4206 duplex
1144 4081 1345 4209 iiifficffl

74 4230 300 4307 attributum
318 4242 395 4304 est:
423 4227 612 4319 naturale,
630 4227 670 4301 in
696 4249 769 4324 quo
798 4225 895 4322 regit
922 4247 989 4321 per
1016 4222 1134 4296 dieta-

74 4347 182 4422 mina
212 4354 324 4420 reetae
351 4343 531 4430 rationis;
576 4340 749 4440 quodque
782 4338 986 4414 universale
1014 4336 1133 4412 estin
