2904 4912
318 308 372 360 uu
392 305 665 360 uncussnnus
686 305 740 360 nn
762 307 967 360 susurru.
1096 287 1169 368 417

121 485 246 550 costes
276 475 597 564 convertebantur,
623 472 953 573 quirlsaciemus?
978 469 1171 569 respondit
1200 509 1297 560 sm,
1311 507 1362 560 ur.

124 590 227 684 (Act.
238 589 275 663 ii.
292 591 375 678 38);
387 588 634 686 poenitemint',
647 596 685 660 ct
700 585 910 682 baptizetur
920 586 1170 684 uuusquisque
1210 588 1353 692 ᾧ

122 713 286 777 cestrum
296 703 334 776 in
345 703 488 776 nominc
498 701 590 774 lesu
603 699 641 774 in
654 699 906 773 remissionem
912 710 1168 797 peccatorum.

124 816 228 891 Nihil
246 839 335 911 ergo
352 815 401 888 ed
419 813 660 888 obtinendum
686 812 920 908 baptismum,
938 813 1009 884 hoo
1027 823 1094 902 est,
1113 813 1169 886 in-

121 930 278 1003 troitum
294 929 334 1001 in
351 951 506 1024 regnum
524 926 604 1010 Dei,
623 923 834 998 faciendum
859 923 960 998 aliud
986 937 1077 1014 erat,
1099 927 1170 999 nisi

115 1042 310 1140 poenitcre
326 1054 365 1114 et
382 1042 539 1115 credere
555 1041 594 1114 in
611 1061 746 1113 nomen
763 1039 786 1111 J
789 1061 881 1113 nu.
934 1039 1045 1112 Paeto
1058 1040 1169 1126 enim,

122 1155 223 1251 quod
239 1157 283 1228 fit
299 1155 338 1228 in
356 1154 551 1250 baptismo,
564 1152 794 1250 promittitur
810 1175 966 1248 regnum
980 1153 1168 1227 eoelorum.

121 1267 278 1357 Deinde,
294 1291 340 1341 ex
352 1267 472 1340 verbis
487 1267 661 1340 Cunrsrt
677 1265 783 1356 (Luc.
793 1263 893 1336 xviii.
905 1272 976 1348 203
998 1275 1036 1338 et
1050 1265 1168 1339 Maro.

121 1405 158 1456 x,
189 1375 249 1476 19)
279 1379 535 1476 respondentis
566 1378 614 1452 ad
638 1376 843 1474 principem
866 1376 1167 1472 interrogantem,

121 1493 214 1590 quid
236 1493 374 1567 faciens
400 1492 514 1566 vitum
541 1501 718 1566 aeternsm
733 1489 959 1585 possideret:
990 1491 1169 1564 mandata

121 1606 233 1696 noeti,
263 1631 335 1680 nou
365 1605 524 1696 occides,
559 1630 630 1679 unu
663 1603 918 1694 moechaberis,
950 1616 1033 1688 ete;
1069 1605 1170 1701 quod

120 1718 368 1793 obedientiae:
396 1730 443 1809 et,
462 1719 578 1792 vende
607 1717 728 1792 omnia
752 1743 834 1815 quer
860 1717 985 1804 babes,
1008 1717 1102 1806 veni,
1131 1727 1169 1790 ct

120 1855 280 1930 sequere
297 1858 380 1917 me,·
407 1831 506 1928 quod
511 1832 613 1926 fidei
630 1841 720 1905 erat.
772 1831 820 1904 Et
837 1855 882 1905 ex
900 1855 943 1905 eo
962 1831 1061 1928 quod
1079 1831 1169 1904 dici-

121 1956 196 2033 tur,
206 1946 335 2041 justus
356 1945 445 2039 (uon
464 1944 630 2041 quilibet,
649 1945 714 2018 sed
722 1945 868 2038 justus)
889 1970 936 2016 ex
942 1945 1029 2037 fide
1047 1945 1144 2018 nivet
1155 1971 1168 2017 .·

121 2071 180 2131 est
204 2057 470 2153 enimjoctitio
486 2058 687 2133 voluntatis
714 2057 906 2154 dispositio
924 2057 1064 2147 eadem,
1084 2081 1167 2153 quae

114 2170 343 2268 paenitentia
354 2183 393 2244 et
403 2169 627 2246 obedientia.
663 2172 711 2244 Iit
728 2195 773 2244 ex
786 2171 907 2246 verbis
919 2172 1036 2247 saneti
1051 2171 1170 2245 Marci

125 2283 165 2378 (i.
187 2285 273 2378 15):
301 2284 471 2381 quonium
495 2284 684 2382 impletum
710 2294 768 2357 est
793 2293 947 2382 tempus,
965 2295 1004 2358 et
1028 2307 1170 2384 appro-

114 2396 321 2494 pinquavit
333 2420 490 2495 reguum
499 2396 588 2486 Dei,
596 2397 829 2496 poeuitcmt'ni
842 2407 880 2470 ct
891 2398 1035 2471 credite
1046 2397 1172 2471 Evau-

119 2509 255 2609 gelio‚·
282 2510 413 2606 quibus
438 2533 514 2584 non
541 2511 697 2585 obscure
721 2511 960 2606 significatur,
978 2536 1053 2585 non
1079 2535 1171 2607 opus

122 2647 203 2696 esse
229 2621 278 2696 od
303 2623 509 2720 ingressum
534 2624 574 2696 in
598 2647 754 2720 regnum
780 2622 850 2696 Dei
875 2623 956 2696 aliis
972 2624 1171 2698 virtutibus

121 2747 258 2833 praeter
268 2736 535 2836 poenitentiam
552 2747 590 2811 et
595 2737 728 2832 fidem.
784 2735 1009 2810 Obcdr'entia
1032 2737 1170 2833 itaque,

122 2875 206 2947 quae
233 2849 282 2922 ad
307 2848 462 2924 sulutem
487 2849 701 2923 necessario
725 2848 935 2944 requiritur,
954 2849 1046 2922 nihil
1071 2850 1172 2924 aliud

122 2975 179 3036 est
204 2973 340 3058 praeter
365 2963 591 3036 uoluntatem
617 2963 692 3036 sive
717 2971 886 3035 conatum
904 2961 1113 3052 obediendi,
1132 2963 1171 3038 id

120 3086 191 3165 est,
209 3073 367 3148 faciendi
385 3075 587 3148 secundum
609 3075 709 3171 leges
727 3074 808 3163 Dei,
828 3073 950 3164 idest,
969 3077 1171 3150 secundum

121 3189 223 3286 leges
240 3187 410 3278 morales,
430 3211 512 3285 quae
538 3189 677 3262 eaedem
703 3187 871 3261 omnibus
897 3200 994 3280 sunt,
1014 3199 1051 3263 et
1071 3191 1171 3286 leges

120 3301 261 3390 civiles,
292 3302 363 3375 boo
394 3313 461 3391 est,
493 3301 667 3375 mandute
702 3301 962 3398 imperantium
992 3302 1031 3376 in
1061 3306 1170 3378 rebus

121 3413 404 3513 temporalibus,
429 3424 466 3487 et
489 3414 589 3510 leges
610 3413 873 3488 ecclesiasticas
893 3415 933 3489 in
955 3415 1171 3513 spirituali-

122 3527 217 3611 hue·
244 3550 327 3622 quse
346 3526 419 3600 duo
437 3549 574 3622 genem
589 3527 714 3624 legum
733 3527 772 3600 in
789 3527 941 3602 diversis
959 3529 1170 3604 civitatibus

122 3652 162 3714 et
180 3639 342 3713 ecclesiis
366 3650 453 3713 sunt
480 3639 635 3730 diversa,
655 3650 693 3713 et
719 3647 993 3736 cognoscuntur
1009 3644 1172 3739 promul·

120 3751 275 3849 gatione
293 3751 352 3826 vel
369 3751 561 3825 sententiis
577 3751 745 3850 publicis

173 3873 209 3938 4.
248 3865 301 3937 Ut
323 3863 480 3937 sciamus
506 3865 595 3961 quid
620 3865 669 3939 sit
683 3865 790 3961 fides
818 3865 1051 3956 Christiana,
1082 3865 1171 3939 defi·-
1184 3885 1383 3964 Qut-tumet

121 3976 259 4051 nienda
284 3987 341 4051 est
366 3977 405 4049 in
430 3976 642 4052 universum
655 3980 774 4074 fides,
788 3990 865 4052 eta
888 3979 1032 4052 eaeteris
1058 3978 1171 4053 animi
1182 3953 1384 4076 33:1¹¹?in

119 4089 278 4180 actibus,
310 4089 529 4185 quibuscum
559 4093 670 4188 vulgo
701 4091 878 4166 confundi
905 4093 1008 4183 solet,
1040 4093 1170 4169 distin.
1183 4081 1383 4206 fflffl'ffl

118 4200 281 4299 guenda.
312 4199 608 4298 Objectumfidci
619 4205 872 4280 universaliter
883 4219 1050 4304 sumptae,
1061 4207 1170 4282 nimi-

223 4337 313 4388 VOL.
331 4337 377 4388 11.
1002 4342 1026 4393 E
1044 4343 1068 4393 E
