2912 4912
338 329 392 381 nn
413 328 608 381 ruonurrs
628 327 679 380 nr
697 326 901 382 uomens.
1072 313 1140 378 115

89 521 193 594 gum,
208 507 361 592 propter
376 507 453 570 tam
467 495 628 593 amplum
642 493 800 569 civitatis
814 493 1066 568 testimonium
1078 493 1141 568 vix
1175 525 1275 576 sacr.
1287 525 1327 578 rr.

88 621 248 706 possunt
265 635 342 684 non
358 609 476 682 videri
491 609 560 682 sibi
578 608 720 682 caeteris
737 607 947 682 hominibus
965 607 1140 704 sapienti·
1184 603 1326 709 ,ζῇ

90 747 187 796 ores.
241 723 373 818 Itaque
386 745 540 796 munere
554 747 621 796 suo
632 745 707 796 non
719 731 865 794 tantum
876 719 924 794 ad
937 720 998 816 jus
1016 721 1141 794 dicen-

90 836 194 924 dum,
219 835 259 908 id
276 847 344 926 est,
369 835 416 909 ad
442 836 553 932 leges,
572 833 610 907 id
634 843 702 924 est,
725 833 773 907 ad
790 833 965 907 mandata
981 833 1142 907 civitatis

90 949 324 1046 explicanda,
341 949 407 1022 sed
430 973 527 1046 saepe
545 949 657 1022 etiam
675 948 723 1021 ad
744 949 805 1044 jus
824 947 998 1036 dandum,
1015 945 1054 1019 id
1072 958 1140 1038 est,

90 1062 140 1134 ad
158 1085 324 1135 summos
349 1062 585 1158 imperantes
603 1060 642 1133 id
668 1071 735 1150 est,
759 1060 806 1133 ad
824 1060 1009 1134 civitatem
1027 1061 1066 1132 in
1083 1083 1141 1132 or·

91 1177 218 1248 dinem
245 1174 451 1271 cogendam
477 1173 533 1247 uti
550 1174 763 1270 postulant:
791 1173 831 1246 id
855 1173 955 1269 qnod
979 1172 1141 1269 plerum-

91 1312 162 1385 que
179 1289 364 1361 bellorum
390 1287 551 1361 civilium
581 1286 728 1360 initium
746 1310 825 1360 esse
842 1287 947 1378 solet,
966 1287 1141 1359 nimirum

91 1402 300 1475 rectoribus
322 1401 480 1474 civitatis
503 1400 695 1496 injustitiae
718 1399 900 1473 accusatis
925 1401 971 1472 ab
995 1399 1051 1488 iis,
1078 1401 1142 1495 qui

90 1516 279 1588 habentur
302 1515 397 1610 juris
422 1513 646 1610 peritissimi,
664 1513 979 1609 imperitissimum
996 1513 1139 1609 angra,

92 1629 315 1703 ducentibus
332 1629 377 1702 iis
394 1629 525 1724 quibus
543 1651 601 1700 res
618 1651 725 1702 novae
751 1641 789 1701 et
804 1627 941 1700 bellum
959 1625 1065 1701 civile
1082 1629 1141 1700 vel

91 1756 245 1840 propter
263 1742 502 1816 ambitionem
516 1741 723 1838 jucundum
740 1742 799 1814 vel
814 1754 966 1838 propter
982 1764 1062 1814 rem
1084 1740 1140 1813 fa-

92 1857 274 1929 miliarem
287 1856 454 1929 attritam
466 1855 556 1928 utile
568 1865 634 1944 est,
650 1866 781 1929 contra
793 1855 952 1928 civitatis
965 1867 1138 1945 rectores,

93 1970 128 2042 id
145 1981 215 2060 est,
235 1980 369 2042 contra
387 1970 504 2065 ipsam
526 1968 716 2042 civitatem
731 1991 835 2040 arma
852 1980 1013 2042 sumunt.

140 2087 175 2166 7.
195 2083 256 2156 Ab
275 2082 502 2155 authoribus
529 2081 716 2155 Authores
729 2091 854 2154 autem
867 2081 1000 2176 cuique
1019 2083 1334 2178 cujus,aanu0naa

94 2221 162 2294 qne
180 2196 236 2270 rei
254 2220 317 2269 eos
333 2219 437 2284 voco,
456 2219 613 2292 quorum
630 2195 712 2291 quis
729 2205 916 2291 praecepta
935 2206 1002 2268 aut
1018 2219 1142 2268 exem-

92 2310 193 2405 plum
212 2310 392 2406 sequitur,
410 2308 543 2382 ductus
560 2308 732 2405 opinione
749 2310 938 2406 sapientiae
956 2311 1046 2406 ejus.
1084 2312 1141 2384 Ab

94 2423 160 2515 his,
180 2425 212 2497 si
231 2423 334 2510 boni,
347 2423 494 2519 ingenia
506 2422 795 2495 adolescentium
808 2421 1016 2496 formantur
1032 2424 1141 2514 bona,

94 2561 207 2632 prava
220 2538 251 2610 si
265 2537 370 2634 pravi
382 2570 391 2622 ;
417 2537 492 2610 sive
506 2537 672 2632 magistri
685 2535 711 2610 ii
725 2536 810 2626 sint,
828 2537 904 2610 sive
917 2549 1051 2632 patres,
1067 2538 1143 2611 sive

95 2651 154 2723 alii
189 2652 414 2748 quicunque,
450 2674 542 2746 quos
576 2651 687 2746 vulgo
721 2673 744 2722 a
784 2650 963 2746 sapientia
1000 2650 1143 2724 laudari

96 2766 250 2839 audiunt
266 2793 275 2851 ;
294 2791 381 2840 nam
396 2765 565 2838 laudatos
582 2775 797 2837 reverentur
812 2777 852 2836 et
869 2763 999 2858 dignos
1016 2763 1142 2836 existi-

96 2891 198 2953 mant
220 2903 314 2975 quos
337 2878 538 2952 imitentur.
590 2878 646 2951 Ex
670 2900 743 2972 quo
765 2877 993 2972 intelligitur,
1011 2877 1142 2974 primo,

97 3016 170 3064 non
182 2992 294 3064 modo
309 3015 421 3087 quam
434 2991 530 3063 reris
548 3000 586 3063 et
602 2991 708 3063 bonis
721 2991 915 3087 praeceptis
933 2990 1144 3065 adolescen-

98 3105 188 3178 tium
214 3105 357 3179 animos
383 3105 547 3177 imbuere
570 3103 729 3177 debeant
756 3115 889 3200 patres
908 3105 1087 3200 magistri,
1106 3115 1145 3177 et

99 3230 237 3292 tutores
260 3243 401 3308 eorum,
424 3218 489 3290 sed
512 3219 623 3291 etiam
646 3242 756 3314 quam
779 3229 905 3290 sancte
928 3228 965 3291 et
983 3219 1081 3314 juste
1105 3217 1144 3290 in

99 3355 222 3405 eorum
245 3331 443 3429 praesentia
471 3355 548 3404 sese
574 3343 717 3428 gerant,
744 3342 788 3404 ut
810 3355 968 3428 quorum
997 3331 1146 3427 ingenia

99 3468 173 3517 non
189 3446 311 3517 minus
330 3443 395 3516 sed
411 3444 527 3516 multo
545 3433 662 3540 magis
679 3443 727 3516 ad
749 3468 870 3518 mores
887 3445 1003 3518 malos
1022 3469 1144 3517 exem·
1253 3447 1259 3458 '

98 3555 170 3650 plo,
197 3581 308 3653 quam
330 3556 379 3628 ad
405 3557 521 3628 bonos
549 3557 745 3653 praeceptis
768 3556 1026 3653 disponuntur.
1080 3557 1146 3630 Se-

100 3671 230 3759 cundo,
258 3695 382 3767 quam,
408 3694 499 3766 quos
525 3670 658 3743 lecturi
684 3681 770 3743 sunt
796 3670 922 3760 libroS,
948 3671 1022 3744 sint
1052 3669 1144 3754 sani,

101 3785 200 3874 casti,
219 3799 257 3858 et
274 3784 395 3856 utiles.
449 3784 544 3856 Sunt
561 3797 685 3857 autem
706 3782 790 3856 libri
813 3783 940 3880 scripti
963 3809 987 3858 a
1004 3783 1144 3856 civibus

101 3896 285 3988 Romanis,
308 3899 463 3970 florente
486 3897 712 3972 democratia
734 3911 799 3970 aut
821 3923 949 3972 recens
967 3899 1142 3988 extincta,

101 4033 254 4085 necnon
268 4037 291 4084 a
304 4012 442 4085 Graecis
455 4012 612 4084 florente
624 4011 812 4108 republica
822 4010 1049 4100 Atheniensi,
1063 4022 1144 4083 tum

102 4136 367 4222 praeceptorum
386 4137 466 4197 tum
489 4125 739 4222 exemplorum
760 4125 871 4222 pleni,
890 4124 1022 4222 quibus
1039 4123 1143 4220 inge-

102 4235 201 4311 nium
223 4239 324 4335 vulgi
346 4237 494 4334 regibus
517 4239 591 4313 suis
614 4238 787 4312 infestum
809 4237 1001 4322 redditur;
1032 4237 1140 4334 idque

983 4375 1037 4426 12
