2912 4912
124 493 219 546 SECT.
233 495 273 546 11.

181 572 218 620 12

128 639 271 677 suf-..a

314 279 383 346 110
693 292 747 344 nn
767 291 949 345 nourun.

312 459 506 534 criminum
529 481 655 555 poenas
682 457 784 550 dant,
813 458 933 533 minus
960 458 1240 548 miserescimus,
1264 457 1352 554 quia

311 584 376 648 aut
392 573 535 646 odimus
553 572 817 663 malefactores,
835 583 899 646 aut
928 573 967 644 in
993 573 1099 646 nobis
1128 595 1206 650 esse
1232 572 1352 645 credi-

310 710 391 759 mus
407 709 454 759 ne
471 685 510 757 in
526 685 642 758 simile
655 697 848 781 peccatum
861 685 1076 759 incidamus.
1103 685 1235 781 Itaque
1250 685 1352 782 quod

310 824 449 888 eorum,
463 797 526 893 qui
543 808 722 870 aeternum
738 798 893 871 cruciari
907 797 1005 895 apud
1015 798 1149 873 inferos
1163 798 1350 887 dicuntur,

310 912 420 1008 idque
439 911 661 1008 cruciatibus
679 912 944 1002 intensissimis,
961 936 1069 984 nemo
1086 911 1163 984 fere
1182 912 1353 985 miseres-

311 1036 384 1113 cat,
403 1024 497 1098 ratio
526 1048 604 1097 esse
630 1035 754 1120 potest
777 1026 839 1098 vei
853 1026 940 1122 quia
962 1025 1144 1099 credimus
1162 1024 1262 1098 idem
1278 1049 1354 1099 non

311 1161 417 1234 posse
442 1137 607 1211 accidere
634 1138 750 1227 nobis,
777 1138 837 1211 vel
864 1140 950 1234 quia
976 1139 1191 1236 imaginatio
1221 1149 1352 1212 nostra

312 1250 494 1324 cruciatus
511 1251 593 1324 illos
616 1275 693 1323 non
710 1251 797 1324 satis
820 1250 966 1326 fortiter
983 1251 1278 1348 comprehendit,
1295 1253 1353 1326 vel

314 1365 400 1459 quia
416 1364 479 1460 qui
494 1366 574 1439 haec
591 1365 644 1438 ita
666 1388 743 1438 esse
770 1364 904 1439 docent
920 1390 994 1438 non
1021 1365 1073 1440 ita
1089 1365 1231 1455 vivunt,
1250 1390 1296 1440 ac
1323 1367 1353 1438 si

313 1478 383 1574 ipsi
400 1477 545 1550 sibimet
562 1478 649 1574 ipsis
673 1478 711 1551 in
735 1501 779 1550 ea
796 1501 836 1550 re
854 1477 1057 1552 crederent.

368 1600 423 1664 ll.
450 1591 564 1665 Dolor
589 1591 636 1664 ob
663 1590 859 1686 praelatum
889 1590 959 1663 sibi
987 1591 1110 1680 alium,
1128 1591 1352 1686 conjunctus

313 1728 397 1777 cum
415 1716 550 1778 conatu
565 1704 727 1800 proprio,
746 1714 801 1777 est
813 1703 1022 1777 aemulatio:
1051 1703 1116 1777 sed
1128 1705 1352 1800 conjunctus

314 1821 398 1891 cum
410 1817 600 1890 voluntate
610 1815 803 1913 praelatum
816 1816 886 1890 sibi
898 1816 1120 1906 retrahendi,
1132 1816 1275 1890 invidia
1285 1830 1350 1892 est.

368 1940 424 2004 12.
450 1929 656 2003 Admiratio
672 1929 793 2025 passio
811 1940 867 2002 est
891 1928 1133 2024 gaudentium
1158 1930 1350 2004 novitate:

313 2043 454 2116 homini
471 2043 569 2116 enim
586 2042 788 2116 novitatem
805 2066 928 2115 amare
945 2043 1114 2116 naturale
1131 2053 1198 2116 est.
1247 2044 1353 2117 Nova

316 2167 442 2230 autem
459 2156 626 2248 dicimus,
645 2180 727 2252 quae
750 2180 834 2229 raro
851 2155 1048 2241 accidunt;
1076 2179 1158 2252 quae
1171 2167 1299 2230 autem
1314 2158 1350 2230 in

313 2283 536 2368 unoquoque
560 2269 695 2367 genere
717 2293 840 2344 rerum
865 2283 1114 2366 magnasunt,
1132 2270 1245 2344 etiam
1271 2293 1352 2358 rara

314 2392 412 2457 sunt.
438 2385 504 2457 Est
520 2394 642 2458 autem
657 2384 736 2457 haec
752 2382 874 2479 passio
891 2383 1083 2456 hominum
1095 2382 1172 2456 fere
1189 2383 1351 2480 propria.

314 2497 395 2570 Etsi
420 2497 518 2570 enim
536 2507 671 2571 caetera
688 2495 870 2585 animalia,
889 2495 1037 2592 quando
1054 2520 1192 2570 novum
1209 2509 1277 2570 aut
1297 2497 1354 2570 in-

313 2611 491 2686 usitatum
524 2609 664 2707 aliquid
698 2609 893 2705 aspiciunt,
928 2631 1088 2704 eousque
1122 2608 1354 2682 admirantur

313 2725 402 2799 dum
436 2749 484 2798 an
517 2723 604 2820 ipsis
638 2722 789 2796 noxium
810 2707 870 2795 vsit
902 2721 961 2794 vel
993 2720 1184 2794 innoxium
1210 2721 1354 2818 possint

309 2837 498 2935 judicare;
524 2836 689 2910 homines
703 2847 827 2908 tamen
840 2834 941 2930 quod
952 2857 1089 2907 novum
1101 2833 1241 2922 vident,
1254 2832 1352 2908 unde

312 2951 535 3048 productum
551 2949 611 3040 sit,
629 2959 668 3024 et
684 2947 734 3022 ad
751 2947 842 3044 quid
866 2971 910 3020 eo
922 2945 984 3018 uti
999 2956 1153 3043 possunt
1169 2957 1351 3043 quaenmt.

314 3064 444 3162 Itaque
456 3063 620 3137 novitate
632 3061 806 3158 gaudent,
817 3070 860 3133 ut
872 3083 1066 3133 causarum
1079 3060 1352 3156 effectuumque

314 3175 651 3274 cognoscendarum
667 3174 870 3247 occasione.
897 3173 954 3245 Ex
971 3196 1043 3268 quo
1060 3173 1238 3269 sequitur,
1253 3173 1352 3270 quod

315 3291 377 3386 qui
393 3290 500 3386 plura
517 3311 627 3384 quam
640 3286 705 3360 ‘alii
730 3285 943 3375 admiratur,
961 3285 1041 3358 aliis
1058 3286 1117 3360 vel
1143 3287 1349 3383 imperitior

313 3403 372 3477 vel
388 3400 612 3499 ingeniosior
622 3400 689 3482 sit;
714 3399 900 3489 nimirum,
913 3399 943 3472 si
959 3399 1066 3496 plura
1082 3400 1116 3474 ei
1134 3401 1351 3498 contingant

314 3539 421 3604 nova,
439 3512 663 3610 imperitior;
690 3511 721 3585 si
738 3511 868 3584 eadem
893 3535 989 3585 nova
1004 3513 1121 3609 magis
1138 3512 1348 3602 admiretur,

313 3626 547 3725 ingeniosior.

365 3740 533 3816 Infinitus
560 3763 654 3837 pene
680 3749 777 3812 esset
803 3760 978 3811 numerus
1001 3737 1228 3835 passionum,
1247 3739 1279 3814 si
1305 3737 1349 3812 ad

315 3879 462 3930 omnem
489 3878 616 3928 earum
643 3851 1002 3948 quantulamcunque
1027 3851 1273 3928 differentiam
1300 3853 1350 3928 di·

314 3992 419 4042 versa
433 3968 504 4042 illis
521 3968 790 4063 imponeremus
806 3965 966 4039 nomina.
995 3965 1067 4040 Sed
1085 3990 1171 4041 cum
1187 3968 1290 4042 nulla
1305 3967 1349 4040 sit

264 4135 270 4148 .
315 4107 398 4178 quae
409 4107 486 4156 non
498 4081 546 4155 sit
558 4081 701 4169 harum,
715 4103 806 4177 quas
820 4079 1088 4177 descripsimus,
1102 4081 1213 4155 alicui
1224 4080 1347 4169 affinis,

315 4194 361 4268 de
377 4195 436 4268 his
453 4195 585 4273 dixisse
603 4193 769 4268 contenti
786 4192 932 4266 erimus.
