2848 4908
284 235 356 304 296
688 255 916 312 menarum.

88 442 184 498 sncr.
200 449 251 500 111.
282 419 454 518 polleant.
508 419 551 496 In
570 421 786 519 factionem
820 424 1061 520 conjungunt,
1090 421 1179 498 dum
1214 421 1328 496 inter-

97 525 239 630 ,ἔξω
282 533 436 608 nuncios
470 557 508 608 se
538 545 576 608 et
603 535 823 633 interpretes
851 536 992 612 faciunt
1023 537 1261 612 consiliorum
1290 543 1328 607 et

72 663 248 740 quamnqua-
281 646 468 722 actionum
505 648 743 745 singulorum,
778 649 1040 747 nominantque
1081 672 1260 747 personas
1291 657 1329 720 et
1411 707 1412 728 r

70 728 247 852 hillidii,
281 759 364 834 loca
380 761 427 834 ad
446 761 736 850 conveniendum
754 773 792 837 et
814 763 860 838 de
877 763 921 836 iis
937 765 1058 854 rebus,
1078 763 1213 859 quibus
1231 761 1327 858 regi-
1411 821 1412 848 ,

71 857 269 968 Effiffiffl
282 895 366 948 men
385 874 553 964 civitatis,
572 888 684 972 prout
708 876 779 950 sibi
805 877 988 951 videbitur
1005 876 1253 965 commodum,
1272 898 1327 948 re·
1411 867 1412 872 ’

70 987 234 1098 fflfflm‘l*
282 985 473 1078 formetur,
501 988 791 1064 deliberandum.
843 991 895 1064 Ut
912 1013 999 1064 vero
1016 989 1242 1088 infactione
1259 987 1327 1084 ipsi

283 1099 529 1192 dominentur,
538 1101 672 1199 factio
691 1103 729 1177 in
743 1103 924 1201 faotione
940 1103 1110 1178 habenda
1126 1116 1206 1188 est;
1234 1100 1328 1174 scili-

283 1226 342 1288 cet
370 1215 521 1291 seorsim
552 1239 637 1290 cum
665 1217 898 1314 paucioribus
931 1226 1132 1292 conventus
1167 1226 1330 1288 secretos

282 1328 417 1403 babere
443 1338 601 1426 oportet,
619 1330 683 1404 ubi
713 1331 884 1406 ordinare
910 1329 1064 1426 possint,
1083 1327 1172 1425 quid
1200 1337 1329 1424 postea

284 1440 322 1514 in
340 1453 525 1517 conventu
541 1444 704 1538 generali
721 1443 1001 1542 proponendum
1022 1443 1071 1518 sit
1088 1453 1126 1516 et
1142 1466 1166 1515 a
1183 1442 1328 1538 quibus,

282 1564 320 1627 et
337 1553 426 1650 quid
439 1555 593 1652 quisque
610 1579 737 1631 eorum
754 1569 792 1632 et
810 1581 883 1654 quo
901 1555 1183 1632 ordine'debeat
1194 1553 1328 1642 dicere,

282 1679 321 1742 et
350 1668 534 1764 quomodo
567 1671 841 1766 potentissimos
871 1680 909 1746 et
934 1669 1205 1745 existimatione
1233 1666 1327 1765 apud

268 1779 463 1877 factionis
480 1781 610 1880 vulgus
627 1783 905 1858 florentissimos
922 1782 970 1857 ad
988 1806 1092 1858 suam
1109 1781 1327 1856 sententiam
1412 1799 1413 1854 r

282 1894 425 1990 possint
441 1895 598 1968 trahere.
649 1895 774 1992 Atque
789 1896 862 1970 hoc
885 1895 995 1970 modo
1013 1919 1098 1970 cum
1111 1894 1326 1992 factionem
1412 1917 1413 1928 ¹

284 2005 372 2080 satis
389 2031 561 2104 megaram
576 2007 748 2099 habeant,
767 2008 806 2082 in
824 2031 897 2105 qua
913 2031 980 2106 per
997 2005 1248 2105 eloquentiam
1265 2007 1329 2082 do·

284 2117 481 2210 minentur,
499 2120 655 2195 incitant
680 2145 762 2196 eam
779 2120 826 2195 ad
852 2144 910 2194 res
934 2118 1189 2218 capessendas,
1221 2132 1327 2218 atque

283 2231 337 2304 ita
353 2232 616 2328 rempublicam
633 2233 831 2332 aliquando
857 2233 1006 2332 quidem
1031 2234 1258 2332 opprimunt,
1275 2234 1327 2308 ni-

284 2344 429 2435 mirum,
447 2369 532 2420 cum
556 2345 669 2422 factio
688 2349 873 2423 contraria
898 2348 999 2424 nulla
1016 2347 1086 2432 sit;
1112 2347 1326 2446 plerumque

283 2480 370 2532 vero
386 2458 563 2550 lacerant,
581 2471 618 2536 et
635 2461 772 2536 bellum
790 2461 896 2537 civile
924 2461 1178 2536 introducunt.
1234 2461 1326 2536 Con-

284 2581 437 2647 currunt
454 2573 553 2648 enim
582 2573 748 2650 stultitia
766 2586 804 2649 et
821 2573 1034 2674 eioqnentin
1057 2575 1104 2648 ad
1122 2575 1325 2650 subvenio-

283 2709 368 2760 nem
386 2685 556 2778 civitatis,
575 2711 619 2763 eo
637 2687 747 2763 modo
761 2711 834 2784 quo
852 2687 1111 2784 conspirarunt
1128 2687 1327 2785 quondam,

282 2810 326 2873 ut
352 2809 409 2874 est
433 2799 472 2874 in
499 2799 635 2891 iabrrla,
652 2800 738 2874 filiae
764 2799 874 2875 Peliae
899 2799 997 2898 ragis
1022 2800 1221 2876 Thessalia
1247 2825 1327 2876 cum

284 2913 429 3004 Medea,
456 2923 586 2987 contra
614 2925 754 3010 patrem
789 2936 906 2988 suum.
957 2912 1133 2988 volentes
1163 2913 1238 2990 illae
1266 2915 1325 2988 de-

284 3026 424 3122 crepito
443 3025 521 3101 seni
550 3027 743 3102 restituere
760 3027 1058 3118 adolescentiam,
1073 3027 1226 3103 consilio
1250 3029 1327 3102 Me·
1413 3103 1414 3106 ,

284 3139 363 3214 deae
380 3139 419 3213 in
437 3138 555 3213 frusta
572 3139 761 3214 concisum
774 3140 851 3237 igni
870 3141 1102 3238 coquendum
1123 3141 1325 3238 imponunt,
1413 3215 1414 3220 ,

284 3261 539 3348 exspectantes
552 3251 690 3327 frustra
707 3254 795 3328 dum
812 3254 1056 3329 revivisceret.
1093 3255 1233 3330 Eodem
1250 3279 1324 3328 mo-

285 3363 332 3438 do
359 3365 491 3460 vulgus
520 3366 678 3441 stultitia
705 3391 783 3458 sua,
811 3367 912 3442 velut
937 3367 1069 3464 puellae
1086 3367 1208 3457 Peliae,
1227 3369 1327 3465 aupi-

284 3487 387 3552 entes
406 3478 591 3554 civitatem
608 3491 770 3555 veterem
787 3505 977 3571 renovare,
996 3481 1098 3556 ducti
1115 3481 1324 3582 ehrqaentia

284 3590 561 3666 ambitiosorum
578 3592 768 3666 hominum
783 3605 959 3690 tanquam
976 3593 1154 3670 veneficio
1172 3593 1326 3680 Medea,

284 3702 606 3802 eamfnctionibna
617 3705 770 3780 divisam
781 3705 951 3782 incendio
963 3707 1094 3805 soepius
1109 3717 1328 3782 consumunt

285 3839 395 3914 quam
412 3816 625 3892 reformant.
