2896 4914
218 333 274 386 na
293 333 398 386 uoco
416 332 663 386 arcanarum
683 333 869 402 onrnnrr,
888 331 976 386 arc.
1066 317 1110 384 61

88 501 211 590 oculus,
238 502 270 574 si
297 526 491 599 operemur
520 501 721 576 secuudum
746 501 846 598 leges
873 499 1114 590 refractionie,
1151 533 1249 584 sacr,
1268 531 1308 584 11,

87 615 262 710 objectum
275 617 356 689 AD
375 616 566 714 apparebit
582 617 621 688 in
631 616 666 689 A
677 615 729 705 Μ,
744 637 887 712 semper
903 615 1021 712 magis
1038 637 1116 688 ma·
1157 609 1301 716 ,ᾗχί

85 729 203 826 gisque
220 730 396 805 recedens
418 755 441 804 a
463 741 565 804 recta
581 729 674 803 AD.
726 728 1000 804 Demonstratio
1018 726 1117 802 enim
1130 753 1222 810 naulo

86 843 204 916 eadem
219 854 276 917 est
293 868 375 940 quae
384 843 645 942 propositionis
661 842 916 940 precedentis,
934 841 1004 916 nisi
1018 841 1117 939 quod
1128 817 1325 942 fflfflm

85 955 247 1029 retractio
264 957 325 1030 hic
339 958 405 1031 fiat
416 980 543 1030 versus
556 955 872 1054 perpendiculum,
885 955 960 1030 illic
974 968 1114 1032 contro.

86 1071 173 1142 Nam
189 1070 252 1143 hic
269 1093 414 1166 quoque
431 1070 524 1160 GK,
542 1070 579 1144 H
592 1069 634 1160 L,
652 1069 670 1144 1
685 1069 725 1142 M
744 1081 940 1143 sumuntur
957 1069 1117 1168 aequales

85 1184 165 1280 ipsis
182 1183 215 1257 G
228 1184 272 1273 B,
292 1184 329 1256 H
344 1183 385 1274 C,
404 1184 479 1274 ID,
498 1182 644 1279 singula
661 1182 826 1284 singulis.

127 1309 162 1370 4.
190 1297 369 1370 Similiter
389 1298 579 1394 (infigura
604 1295 729 1392 tertia)
749 1296 814 1370 ubi
831 1297 1014 1394 objectum
1033 1319 1119 1393 sup-

84 1410 228 1507 ponitur
254 1409 294 1483 in
321 1410 442 1484 medio
471 1409 650 1498 densiore,
677 1409 805 1483 oculus
832 1409 872 1483 in
898 1408 1048 1498 rariore,
1080 1421 1119 1482 et

84 1525 174 1597 linea
197 1523 401 1620 separatrix
428 1547 534 1598 arcus
562 1522 701 1612 circuli,
719 1521 877 1596 inventis
900 1545 946 1594 ex
963 1521 1044 1618 lege
1061 1545 1118 1594 re-

84 1637 266 1712 fractionis
282 1637 387 1711 lineis
404 1637 615 1727 visualibus,
634 1636 665 1710 si
690 1635 729 1709 iu
754 1635 826 1710 illis
845 1645 1009 1708 sumatur
1027 1635 1118 1724 GK,

86 1752 169 1840 HL,
186 1752 204 1824 I
215 1751 257 1824 M
271 1751 429 1847 aequales
445 1750 557 1824 radiis
571 1751 603 1824 G
614 1750 657 1840 B,
673 1749 710 1823 H
727 1748 767 1840 C,
786 1748 862 1839 ID,
876 1747 1031 1844 singulae
1044 1747 1119 1820 sin-

84 1865 184 1960 gulis,
219 1863 323 1937 locus
353 1865 488 1960 objecti
522 1887 701 1962 apparens
743 1862 816 1936 erit
848 1861 933 1936 AM
969 1860 1120 1960 propior

85 1978 184 2053 oculo
202 2002 314 2075 quam
333 1991 389 2052 est
406 1979 495 2053 AD.

132 2101 164 2166 5.
191 2093 287 2166 Item
308 2091 361 2183 (in
384 2093 505 2188 figura
526 2091 672 2188 quarta)
692 2091 757 2164 ubi
784 2089 1024 2188 supponimus
1052 2090 1120 2164 ob-

82 2208 214 2302 jectum
243 2206 283 2278 in
310 2205 430 2278 medio
460 2205 610 2295 rariore,
638 2204 785 2278 oculum
814 2205 854 2277 in
884 2203 1052 2278 densiore
1080 2215 1118 2278 et

85 2319 211 2392 lineam
242 2319 512 2416 separatricem,
541 2332 585 2393 ut
618 2329 715 2408 aute,
747 2341 873 2392 arcum
908 2319 1059 2402 circuli;
1088 2317 1119 2392 si

86 2456 274 2529 operemur
297 2433 499 2506 seeundum
525 2433 625 2530 leges
651 2432 893 2519 retractionis,
910 2432 1120 2506 invenietur

85 2548 166 2620 AM
181 2548 284 2621 locus
302 2546 438 2642 objecti
462 2571 642 2645 apparens
660 2545 832 2620 recedere
850 2545 896 2620 ab
913 2545 1020 2620 oculo
1038 2547 1119 2621 lon-

85 2661 161 2756 gius
182 2685 294 2758 quam
310 2662 345 2734 A
359 2661 404 2734 D.

131 2784 166 2848 6.
192 2776 375 2850 Praeterea
398 2774 453 2870 (in
481 2776 609 2871 quinta
629 2776 763 2872 figura)
788 2774 853 2847 ubi
881 2773 1120 2872 supponimus

84 2887 159 2961 AD
176 2913 254 2964 esse
273 2913 400 2962 arcum
417 2889 555 2978 circuli,
570 2889 740 2985 idemque
758 2889 966 2986 obJecrum;
984 2887 1120 2960 lineam

85 3017 204 3077 autem
220 3004 481 3100 separatricem
498 3004 556 3077 ΙΕ
574 3026 702 3078 arcum
727 3025 873 3100 quoque
897 3000 1035 3090 circuli,
1054 3001 1120 3074 ob-

81 3118 214 3212 jectum
231 3128 356 3191 autem
372 3118 407 3190 A
420 3117 453 3190 D
471 3140 550 3190 esse
566 3117 605 3190 in
622 3115 744 3190 medio
761 3115 913 3205 rariore,
931 3115 1079 3188 oculum
1091 3114 1121 3188 F

83 3228 118 3302 iu
136 3229 306 3304 densiore
320 3260 330 3314 ;
356 3230 459 3304 locus
485 3252 666 3326 apparens
692 3227 827 3325 objecti
844 3229 878 3302 A
892 3229 925 3302 D
943 3228 1013 3302 erit
1030 3229 1064 3302 A
1078 3227 1120 3302 M

83 3346 257 3419 remotior
267 3345 313 3419 ab
325 3344 430 3417 oculo
437 3344 638 3441 quamAD,
644 3356 754 3440 atque
765 3343 857 3418 adeo
868 3344 932 3416 fiet
942 3354 1120 3441 punctum

85 3455 245 3532 Dvideri
262 3457 302 3531 in
316 3458 358 3530 M
371 3481 482 3554 supra
496 3456 728 3531 horizontem
745 3457 920 3531 elevatius
937 3481 1047 3554 quam
1065 3468 1121 3531 est

83 3570 201 3666 ipsum
218 3573 405 3668 objectum
418 3572 474 3656 D;
501 3583 538 3646 et
555 3573 699 3646 obeam
714 3595 860 3646 causam
878 3572 1003 3662 solem,
1018 3582 1122 3645 ante-

84 3707 192 3780 quam
210 3686 361 3775 oriatur,
374 3685 405 3758 si
418 3685 467 3758 sit
478 3685 594 3760 nubes
607 3685 731 3782 aliqua
741 3686 855 3760 densa
868 3686 906 3760 in
921 3686 992 3776 IE,
1005 3685 1122 3758 videri

83 3811 217 3889 ortum,
234 3811 388 3896 propter
403 3799 661 3872 refractionem
678 3798 718 3872 in
736 3799 753 3871 I
768 3800 798 3872 E
816 3799 924 3872 nube.

133 3913 331 4012 Supposito
358 3925 483 3988 autem
502 3913 556 4008 (in
573 3914 637 4010 fig.
657 3917 695 4005 3)
717 3912 818 4010 quod
840 3913 1026 4008 objectum
1043 3911 1121 3984 AD

85 4023 239 4102 divisum
265 4029 314 4101 sit
338 4028 378 4100 in
403 4040 478 4101 tres
500 4039 623 4124 partes
649 4027 807 4124 aequales
824 4026 913 4111 AB,
932 4025 1016 4115 BC,
1035 4025 1122 4115 (Π),

84 4143 273 4236 apparebit
289 4165 374 4238 pars
390 4141 426 4214 A
438 4141 480 4231 B,
498 4163 580 4236 quae
607 4153 664 4214 est
690 4139 841 4236 propior
866 4139 913 4212 od
934 4139 1122 4228 verticem,

83 4254 204 4330 minor
228 4281 340 4354 quam
358 4255 442 4345 Bc,
461 4279 543 4352 quae
571 4266 627 4328 est
655 4279 678 4330 a
703 4254 842 4329 vertice
869 4254 1059 4345 remotior,
1086 4262 1124 4326 et
