2834 4912
304 293 377 360 218
706 305 934 360 IMPERIUM.

107 503 204 556 socr,
218 501 269 554 ιιι.
301 471 507 569 prietatem,
521 479 563 544 ut
580 469 672 546 alter
689 469 771 560 hoo,
790 471 883 546 alter
905 467 997 544 illud
1013 467 1114 544 dicat
1131 491 1210 544 esse
1225 492 1339 562 suum,

118 581 260 688 „L
300 584 392 660 nihil
411 585 480 658 erit
497 583 543 658 de
562 607 634 681 quo
651 593 730 660 tota
752 581 963 674 multitudo,
990 592 1031 656 ut
1041 603 1212 682 perrona
1230 607 1253 658 a
1270 583 1341 658 siu-

300 698 387 796 gulo
422 696 592 795 quopiam
622 697 808 788 distincta,
841 696 958 794 possit
987 707 1087 770 recte
1108 694 1244 787 dicere,
1274 697 1340 772 hoe

300 837 413 886 meum
431 822 498 902 est,
516 810 633 908 magis
651 835 762 909 quam
789 811 961 886 alienum.
1013 809 1143 908 Neque
1162 820 1219 884 est
1244 810 1340 884 actio

299 925 374 999 ulla
392 949 473 1022 quae
491 923 716 1000 multitudini
734 922 886 1000 attribui
904 923 1025 1014 debet,
1044 935 1086 998 ut
1101 947 1171 996 aua
1181 950 1197 1008 ;
1223 921 1300 1014 sed,
1313 923 1341 998 si

300 1062 426 1112 omnes
443 1039 502 1112 vel
525 1038 648 1135 plnres
666 1038 928 1128 consenserint,
954 1037 1051 1112 actio
1073 1061 1150 1111 non
1177 1037 1262 1128 erit,
1280 1037 1340 1112 sed

300 1164 358 1226 tot
387 1151 561 1242 actiones,
580 1159 670 1247 quot
695 1151 872 1227 homines.
926 1151 1159 1247 Quamquam
1176 1151 1276 1226 enim
1305 1151 1339 1224 in

300 1289 435 1361 magna
451 1265 573 1361 aliqua
589 1264 780 1354 seditione,
797 1263 907 1361 vulgo
934 1263 1008 1337 dici
1026 1263 1142 1338 soleat
1161 1263 1341 1364 populum

301 1378 396 1452 illius
424 1378 582 1453 civitatis
600 1379 738 1476 cepisse
756 1401 881 1462 arma;
908 1399 1037 1452 varum
1065 1389 1191 1452 tamen
1216 1389 1274 1452 est
1298 1377 1340 1450 de

300 1491 371 1568 illis
390 1491 475 1566 solis
493 1492 556 1589 qui
578 1491 616 1566 in
633 1492 743 1566 armis
761 1503 859 1582 sunt,
876 1491 935 1566 vel
953 1491 1016 1589 qui
1033 1490 1076 1564 iis
1095 1491 1338 1566 consentiunt.

304 1605 449 1680 Ciuitas
467 1605 576 1697 enim,
591 1630 672 1703 quae
686 1629 760 1679 aaa
770 1627 942 1706 persono
959 1613 1026 1696 est,
1045 1602 1339 1702 caperearmain

301 1719 545 1815 seipsamnon
561 1729 695 1816 potest.
748 1716 933 1814 Quicquid
947 1716 1060 1814 igitur
1073 1741 1095 1792 a
1108 1715 1339 1792 multitudine

301 1832 440 1906 factum
458 1843 524 1922 est,
542 1829 822 1928 intelligendum
854 1840 910 1906 est
936 1829 1076 1904 factum
1092 1853 1171 1904 esse
1189 1829 1235 1903 ab
1253 1853 1339 1904 uuo-

302 1969 446 2042 quoque
464 1968 591 2019 eorum
616 1944 815 2041 exquibus
840 1943 903 2017 illa
919 1945 1110 2018 conflatur.
1163 1943 1286 2041 Atque
1311 1943 1338 2016 is

303 2059 377 2156 qui,
388 2059 426 2132 in
439 2057 672 2134 multitudine
686 2058 751 2132 illa
767 2057 938 2148 existens,
952 2067 1076 2134 tomen
1087 2057 1131 2132 iis
1148 2081 1232 2154 quae
1247 2058 1339 2132 facta

302 2183 388 2246 sunt
421 2195 496 2247 non
530 2171 767 2262 consenserit,
802 2195 921 2268 neque
956 2195 1063 2268 opem
1097 2171 1235 2262 tulerit,
1271 2195 1337 2246 uon

301 2283 430 2358 fecisse
465 2285 667 2359 censendus
702 2294 768 2358 est.
821 2284 1004 2358 Praeterea
1036 2285 1075 2358 in
1108 2283 1337 2358 multitudine

300 2396 465 2471 nondum
481 2397 520 2471 in
550 2423 661 2472 uuam
686 2421 891 2495 personam,
911 2397 1081 2472 eomodo
1100 2421 1173 2495 quo
1206 2396 1337 2472 dictum

301 2522 368 2600 est,
387 2509 530 2600 coalito,
548 2522 673 2585 manet
691 2510 750 2584 ille
769 2519 913 2584 notura
929 2520 1065 2601 status,
1080 2509 1207 2608 inquo
1224 2511 1335 2586 omnio

301 2623 456 2698 omnium
480 2636 586 2710 sunt;
613 2647 733 2722 neque
760 2623 882 2698 locum
911 2624 1024 2700 habet
1049 2624 1141 2699 illud
1168 2635 1336 2700 meamet

301 2746 412 2828 tuom,
450 2737 549 2835 quod
587 2748 741 2812 vocatur
785 2737 992 2830 dominium,
1027 2751 1066 2814 et
1091 2739 1315 2839 proprietas
1323 2765 1335 2812 .·

300 2864 496 2949 propterea
513 2851 613 2949 quod
629 2850 795 2925 nondum
808 2863 930 2926 exstat
947 2851 1124 2927 securitas
1141 2853 1216 2941 illa,
1235 2875 1334 2950 quam

301 2989 411 3062 supra
438 2965 486 3040 ad
504 2965 718 3040 exercitium
742 2965 866 3064 legum
886 2966 1116 3041 naturalium
1132 2966 1269 3063 requiri
1285 2989 1335 3040 os

300 3078 497 3154 tendimus.

107 3165 199 3260 rnro'um
352 3189 387 3254 2.
416 3178 733 3254 Considerandum
750 3178 883 3254 deinde
901 3189 968 3272 est,
987 3203 1285 3278 unumquemque
1297 3203 1335 3254 cx

105 3276 290 3402 fflssffi
302 3290 549 3384 multitudine,
568 3318 640 3390 quo
659 3293 925 3368 constituendae
943 3293 1101 3371 civitatis
1122 3293 1335 3391 principium

105 3407 267 3454 mimi*
302 3407 381 3496 liat,
400 3405 532 3479 debere
546 3405 752 3482 consentire
771 3429 856 3480 cum
873 3407 1027 3496 coeteris,
1045 3406 1143 3481 utin
1161 3405 1206 3480 iis
1224 3407 1334 3494 rebus,

304 3542 387 3618 quae
412 3544 435 3593 a
464 3518 635 3618 quopiam
663 3519 700 3593 in
719 3531 819 3594 coetu
842 3532 1106 3618 proponentur,
1124 3541 1192 3617 pro
1220 3519 1336 3593 volun·

302 3641 380 3708 tate
411 3631 574 3706 omnium
604 3631 784 3706 habeatur
817 3630 867 3720 id,
907 3630 1007 3728 quod
1035 3631 1194 3706 voluerit
1219 3653 1336 3704 eorum

302 3746 422 3842 major
439 3767 535 3842 pars.
588 3745 670 3820 Alio
699 3745 796 3820 enim
823 3744 933 3819 modo
964 3743 1211 3818 multitudinis
1228 3740 1335 3817 homi-

302 3881 403 3950 num,
422 3881 578 3956 quorum
606 3857 755 3956 ingenia
784 3867 821 3933 et
847 3867 935 3933 vota
961 3858 1059 3933 inter
1084 3881 1123 3932 se
1151 3869 1230 3932 tam
1244 3855 1337 3932 varie

303 3971 489 4061 differunt,
520 3970 621 4046 nulla
648 3970 798 4046 omnino
830 3970 899 4044 erit
931 3971 1112 4046 voluntas.
1177 3967 1286 4046 Quod
1310 3967 1336 4040 si

304 4086 385 4182 quis
401 4085 495 4160 nolit
518 4085 736 4176 consentire,
761 4084 893 4179 ceteri,
910 4083 987 4158 sine
1016 4108 1059 4159 eo
1085 4084 1272 4160 civitatem
1287 4081 1337 4158 ni-

304 4195 380 4274 hilo
406 4197 527 4274 minus
555 4197 653 4274 inter
678 4221 717 4274 se
745 4198 983 4275 constituent.
1036 4199 1092 4276 Ex
1120 4221 1195 4298 quo
1221 4201 1285 4274 fiet
1299 4207 1338 4272 ut
