2912 4912
398 295 451 347 nn
471 293 739 362 srrncrrsus,
759 293 845 346 nrc.
1077 277 1144 344 105

105 461 237 556 Itaque
254 459 490 534 manifestum
507 470 562 534 est
580 485 682 558 spem
700 470 738 533 et
754 470 885 532 metum
903 458 956 532 ita
972 458 1145 534 alternari
1185 490 1282 544 sacr,
1299 491 1337 542 ῃ,

106 577 203 648 inter
229 597 280 663 se,
305 584 347 648 ut
369 573 512 648 nullum
533 573 610 646 fere
631 585 777 670 tempus
797 582 874 646 tam
895 571 1006 646 breve
1023 571 1080 662 sit,
1103 581 1146 646 ut
1187 567 1329 676 L

106 712 182 761 non
198 686 317 783 possit
334 710 461 760 eorum
474 685 762 760 vicissitudinem
775 686 974 759 continere.
1018 686 1146 782 Itaque

107 826 197 899 spec
221 809 399 873 etractus
423 798 717 896 perturbationes
742 797 908 872 dicendae
932 809 1022 872 tunc
1049 807 1147 888 sunt,

110 913 258 1011 qnando
276 914 393 987 ambae
406 911 618 986 brevissimo
637 924 803 1008 tempore
820 911 1069 1000 continentur,
1083 935 1149 984 no-

110 1028 371 1122 minanturque
383 1024 583 1099 secundum
595 1026 767 1098 affectum
777 1023 1049 1120 praevalentem,
1063 1023 1149 1098 sim-

110 1139 256 1236 pliciter
274 1163 361 1236 spes
379 1139 436 1212 vel
454 1149 582 1211 metas.

159 1262 196 1327 4.
225 1252 265 1324 Si
278 1252 513 1325 incumbente
530 1249 587 1324 vel
605 1251 800 1346 ingruente
813 1249 910 1323 malo
929 1271 1011 1346 spes
1028 1247 1149 1323 subita
1194 1257 1236 1300 ¹³

111 1365 340 1461 concipiatur
356 1363 520 1462 superari
537 1363 628 1437 illud
641 1362 778 1437 malum
791 1386 897 1459 posse
911 1361 1150 1458 repugnando

111 1469 187 1552 sive
211 1477 427 1567 resistendo,
450 1478 568 1551 oritur
594 1477 714 1574 passio
739 1501 821 1575 quae
844 1475 1049 1574 appellatur
1077 1477 1151 1548 iro.

112 1592 160 1663 Et
170 1590 289 1664 oritur
303 1589 450 1686 quidem
463 1589 658 1688 saepissime
668 1591 715 1663 ab
727 1589 898 1686 opinione
910 1598 1151 1684 contemptus.

112 1702 202 1776 Vult
224 1725 314 1799 ergo
335 1701 448 1774 iratus
470 1702 592 1776 facere
616 1713 794 1797 quantum
816 1711 939 1799 potest
963 1699 1021 1774 vel
1045 1722 1153 1796 posse

113 1828 249 1912 sperat,
280 1839 328 1888 ue
355 1813 509 1888 aliorum
537 1813 695 1888 ludibrio
727 1813 879 1887 idoneus
909 1824 946 1887 et
975 1810 1155 1888 obnoxius

114 1953 193 2002 esse
222 1927 401 2017 videatur,
430 1927 600 2001 nimirum
628 1926 765 2000 malum
793 1927 1038 2026 contemptori
1064 1924 1155 1998 infe-

114 2040 229 2115 rendo
255 2052 435 2136 quantum
461 2040 530 2114 sibi
555 2041 642 2114 satis
665 2063 744 2114 csse
769 2039 953 2114 videbitur
974 2039 1022 2114 ad
1045 2037 1156 2114 effici-

115 2153 264 2243 endum,
276 2168 320 2226 ut
333 2153 420 2226 mali
430 2153 522 2227 illati
535 2153 726 2250 poenitcat.
772 2152 845 2227 Sed
857 2177 933 2227 non
945 2165 1001 2228 est
1014 2175 1157 2250 semper

116 2293 198 2340 cum
210 2267 267 2339 ira
278 2267 476 2362 conjuncta
485 2264 695 2364 hypolepsis
707 2265 770 2340 illa
779 2278 1024 2364 contemptus.
1061 2267 1158 2340 Nam

116 2379 360 2478 procedentes
393 2379 441 2452 ad
478 2403 733 2476 quemcunque
767 2381 877 2454 finem
916 2381 1156 2478 propositum,

118 2516 346 2590 quaecunque
374 2515 432 2566 res
457 2492 778 2590 progredientibus
804 2495 964 2582 obstant,
991 2494 1101 2568 etiam
1126 2493 1158 2566 si

118 2607 289 2680 animatae
307 2629 383 2678 non
400 2605 474 2680 sint
491 2628 610 2703 neque
628 2630 716 2702 crgo
742 2618 977 2681 contemnere
1002 2604 1157 2703 possint,

119 2720 338 2816 simulatque
355 2743 438 2816 spes
464 2719 675 2816 apparuerit
693 2720 884 2794 obstacula
900 2720 985 2794 talia
1003 2720 1063 2792 via
1079 2742 1157 2791 mo-

120 2833 196 2906 veri
211 2855 334 2930 posse,
352 2832 426 2905 vim
439 2845 605 2922 evocant,
625 2831 744 2921 idest,
767 2831 859 2906 iram
873 2832 1072 2906 ostendunt
1086 2855 1159 2927 qua

121 2945 324 3020 amovenda
341 2957 437 3018 sunt.

168 3058 301 3133 Affinis
319 3058 383 3132 irae
401 3070 457 3131 est
476 3059 629 3132 affectus
651 3058 714 3155 qui
736 3058 872 3132 Graecis
895 3063 986 3148 μῆνις
1012 3055 1160 3145 dicitur,

122 3171 294 3244 nimirum
312 3170 449 3268 cupido
468 3169 653 3260 vindicta,
671 3170 710 3244 id
728 3181 796 3259 est,
823 3179 993 3244 constans
1019 3179 1057 3242 et
1081 3167 1161 3242 diu-

123 3295 232 3358 turna
247 3283 417 3357 voluntas
435 3281 544 3356 alicui
561 3281 830 3357 malefaciendi
847 3307 891 3356 eo
908 3284 993 3373 fine,
1016 3293 1060 3356 ut
1076 3306 1163 3379 sup-

125 3398 250 3495 positae
281 3396 423 3491 injuriae
453 3395 499 3467 ab
529 3394 592 3468 illo
617 3395 728 3470 illatae
755 3395 858 3469 illum
884 3395 1074 3492 poeniteat,
1104 3396 1162 3469 vel

126 3510 212 3584 alios
238 3509 286 3582 ab
314 3507 449 3603 injuria
469 3506 538 3581 sibi
559 3507 750 3582 inferenda
766 3509 982 3584 absterreat.
1034 3509 1163 3586 Qualis

128 3634 203 3697 erat
225 3623 282 3697 ira
302 3621 457 3695 Achillis
480 3629 611 3694 contra
637 3621 787 3696 Graecos
815 3633 968 3719 propter
992 3621 1164 3720 injuriam

128 3736 264 3810 illatam
280 3734 350 3808 sibi
363 3736 409 3808 ab
422 3735 710 3830 Agamemnone.
762 3733 1029 3809 Differtautem
1043 3736 1089 3809 ab
1102 3734 1165 3808 illa

130 3849 240 3923 attera
260 3849 327 3938 ira,
353 3871 397 3920 eo
423 3846 523 3944 quod
548 3845 611 3920 illa
635 3847 826 3943 repentina
850 3847 909 3938 sit,
933 3848 1015 3922 haec
1035 3859 1165 3922 contra

132 3961 420 4036 constantissime
447 3971 524 4034 tam
550 3959 613 4034 diu
637 3960 745 4036 duret
767 3985 878 4060 quam
899 3959 962 4034 diu
979 3961 1165 4058 expectari

133 4085 249 4168 potest
266 4073 456 4150 conversio
473 4073 585 4148 animi
602 4075 692 4170 ejus,
719 4075 779 4148 cui
801 4074 1002 4163 irascimur,
1028 4073 1076 4147 ad
1099 4099 1165 4148 vo-

135 4184 306 4263 luntatem
333 4198 507 4262 nostram.
559 4188 688 4283 Itaque
713 4187 913 4262 vindictam
939 4211 1014 4263 non
1044 4188 1166 4284 explet
