2912 4912
350 327 404 378 un
424 325 555 378 suurn
575 323 796 390 noussen,
815 325 901 376 nro.
1107 311 1170 376 161

127 492 313 575 refertm3
340 503 478 566 caetera
506 490 688 566 sensualia
717 503 815 578 sunt,
844 491 903 566 vel
930 489 979 564 ad
1008 491 1176 564 sensuale
1204 526 1302 578 sm,
1318 527 1369 576 111,

126 605 389 688 conducentia,
401 631 484 703 quae
495 605 619 680 omnia
627 603 905 678 commodorum
916 603 1064 678 nomine
1075 627 1175 677 com·
1216 604 1359 708 „L

125 718 310 818 prehendi
326 730 490 816 possunt
530 716 659 792 Omnis
681 716 795 813 igitur
817 717 973 791 societas
995 716 1054 790 vel
1077 741 1175 790 com·
1187 741 1389 852 mangelt

126 833 233 908 modi
250 856 373 922 carisa,
393 833 452 906 vel
466 831 606 928 gloria,
631 831 703 905 hoc
720 842 788 920 est,
806 830 874 919 sui,
898 855 974 904 non
989 830 1174 904 sociorum
1187 877 1341 918 mmm,

125 969 255 1020 amore
286 945 529 1020 contrahitur.
595 944 732 1018 Gloriae
765 955 889 1018 autem
922 943 1044 1018 studio
1075 943 1176 1018 nulla

126 1059 217 1132 iniri
233 1082 354 1155 neque
371 1059 572 1132 multorum
588 1057 791 1146 hominum,
817 1081 936 1154 neque
960 1056 1067 1130 multi
1083 1067 1176 1131 tem-

126 1173 242 1270 poriS,
273 1172 430 1246 societas
460 1181 605 1268 potest;
636 1179 833 1267 propterea
863 1169 963 1267 quod
991 1170 1175 1267 gloriatio,

129 1287 227 1360 sicut
244 1271 283 1359 et
294 1286 425 1375 honor,
441 1286 472 1358 si
483 1284 655 1358 omnibus
668 1283 776 1374 adsit,
790 1282 881 1357 nulli
895 1284 1021 1368 adest;
1041 1285 1176 1381 quippe

128 1424 214 1496 quae
233 1398 508 1494 comparatione
525 1407 563 1471 et
579 1396 829 1494 praeceltentia
845 1407 1037 1470 constant:
1056 1420 1176 1493 neque

128 1525 173 1587 nt
191 1513 274 1610 quis
292 1536 440 1586 cansam
457 1510 640 1608 gloriandi
652 1510 691 1582 in
709 1533 748 1582 se
762 1509 909 1600 habeat,
923 1509 1177 1606 adjumentum

128 1627 246 1700 ullum
277 1625 420 1699 accedit
447 1649 494 1697 ex
524 1624 678 1698 aliorum
704 1621 890 1697 societate.
942 1623 1052 1696 Tanti
1078 1623 1177 1696 enim

129 1738 286 1836 quisque
305 1748 373 1826 est,
400 1748 578 1835 quantum
594 1735 673 1810 sine
690 1735 845 1808 aliorum
862 1759 931 1832 ope
948 1735 1027 1832 ipse
1043 1745 1175 1832 potest.

127 1852 357 1946 Quanquam
373 1862 498 1924 autem
516 1848 709 1924 commoda
724 1849 833 1944 hujus
850 1849 935 1922 vitae
953 1849 1080 1944 augeri
1096 1872 1177 1921 mn-

126 1976 195 2038 tua
218 1988 289 2061 ope
313 1974 479 2060 possunt,
503 1987 588 2036 cum
612 1973 737 2036 tamen
761 1961 801 2035 id
820 1961 900 2034 fieri
920 1962 1037 2035 multo
1060 1961 1177 2058 magis

128 2075 297 2150 dominio
314 2075 431 2172 possit
448 2099 559 2173 quam
576 2075 749 2150 societate
766 2075 933 2164 aliorum,
955 2075 1093 2149 nemini
1110 2074 1178 2150 du-

126 2191 233 2264 bium
251 2214 331 2263 esse
348 2189 469 2280 debet,
484 2189 573 2286 quin
586 2189 728 2264 avidius
738 2189 924 2263 ferrentur
933 2189 1099 2264 homines
1112 2213 1178 2262 na-

127 2316 214 2378 tura
225 2328 304 2394 sua,
312 2303 346 2377 si
358 2314 478 2376 metus
488 2301 700 2392 abesset,ad
710 2301 999 2376 dominationem
1010 2327 1120 2400 quam
1130 2300 1179 2375 ad

126 2418 359 2494 societatem.
388 2416 633 2490 Statuendum
641 2415 756 2512 igitur
766 2416 1020 2512 est,originem
1029 2440 1179 2512 magna·

129 2556 214 2605 rum
236 2542 275 2604 et
289 2530 545 2603 diutsnnarum
563 2529 782 2604 societatum
795 2552 871 2602 non
883 2553 906 2601 a
919 2539 1048 2602 mutua
1060 2529 1178 2603 homi-

127 2668 220 2717 num
233 2642 504 2733 benevolentia,
523 2642 589 2716 sed
605 2667 629 2715 a
645 2654 775 2716 mutuo
793 2651 916 2716 metu*
931 2643 1126 2717 exstitisse.

158 2819 177 2856 ¹
187 2817 216 2872 A
226 2819 326 2872 mutuo
336 2814 496 2890 arelacta]
510 2813 666 2892 0bjeotnm
677 2823 728 2885 est,
734 2823 847 2874 tantum
855 2817 961 2887 abesse,
970 2825 1002 2876 ut
1013 2819 1176 2877 homiuesin

126 2909 299 2966 societatem
310 2905 424 2964 civilem
437 2905 596 2964 coalescere
609 2916 728 2983 propter
741 2916 849 2966 metum
860 2918 985 2984 possent,
996 2918 1029 2967 ut
1041 2911 1065 2968 si
1076 2919 1178 2970 mutuo

126 3018 159 3056 se
182 2999 361 3067 metuissent,
375 3017 412 3056 ne
434 3007 621 3075 conspectum
635 3000 753 3076 quidem
773 3008 905 3058 mutuum
920 3001 995 3060 serre
1008 3003 1177 3077 potuissent.

130 3091 276 3160 Sentiunt,
291 3091 401 3166 opinor,
416 3091 487 3147 nihil
500 3091 578 3148 aliud
592 3111 653 3150 esse
667 3101 802 3162 metuere,
811 3101 1002 3170 praeterquam
1016 3097 1177 3170 perterreri.

129 3182 195 3260 Ego
216 3201 252 3240 ea
272 3201 344 3240 voce
368 3181 457 3240 futuri
481 3183 548 3240 mali
571 3193 756 3260 prospectum
773 3184 931 3261 quemlibet
954 3186 1176 3262 comprehendo.

128 3273 235 3350 Neque
256 3275 347 3332 solam
369 3273 477 3351 lugam,
500 3275 549 3332 sed
571 3276 658 3334 etiam
679 3275 816 3345 diffidere,
840 3278 986 3353 suspicari,
1009 3297 1118 3348 cavere,
1140 3297 1177 3337 ue

128 3373 262 3424 metuant
275 3365 435 3440 providere,
449 3367 638 3424 metuentium
652 3385 713 3424 esse
721 3367 833 3443 judico.
854 3367 911 3432 Qui
927 3369 1083 3427 dormitum
1097 3378 1176 3437 eunt,

127 3457 206 3516 fores
217 3458 376 3527 claudunt3
388 3459 439 3534 qui
449 3458 504 3516 iter
514 3457 592 3526 lacit,
602 3477 670 3516 cum
680 3459 738 3516 telo
748 3467 809 3527 est;
822 3460 892 3536 quia
901 3469 1034 3519 metuunt
1043 3462 1176 3520 latrones.

128 3547 272 3608 Civitates
284 3549 357 3608 fines
370 3568 436 3608 suos
457 3550 605 3625 presidiis,
620 3548 706 3610 urbes
726 3551 878 3622 moenibus,
893 3555 966 3610 tueri
981 3553 1082 3624 solent,
1095 3563 1174 3612 metu

127 3642 291 3699 vicinarum
304 3641 453 3700 civitatum
465 3665 472 3711 ;
492 3644 579 3702 etiam
588 3642 733 3702 fortissimi
747 3645 898 3713 exercitus,
909 3647 1124 3722 comparatique
1137 3647 1174 3704 ad

125 3752 267 3810 pugnum,
281 3732 319 3790 de
339 3751 410 3808 paee
431 3740 525 3792 tamen
548 3733 690 3812 colloquia
710 3736 818 3793 habent
838 3737 1001 3813 aliquando,
1016 3746 1175 3795 metuentes

126 3825 187 3883 vim
201 3833 342 3894 mutuam,
357 3832 387 3883 et
399 3844 436 3884 ne
448 3828 610 3886 vincantur.
638 3827 694 3886 Per
707 3836 816 3886 metum
830 3829 964 3904 estquod
978 3829 1106 3886 homines
1119 3829 1174 3886 sibi

125 3925 250 3986 cavent;
264 3915 336 3992 fuga
345 3917 462 3993 quidem
476 3925 506 3976 et
519 3919 643 3988 latebris,
657 3919 681 3976 si
690 3920 784 3977 caveri
795 3919 878 3976 aliter
887 3937 971 3994 posse
985 3937 1042 3977 non
1055 3927 1175 3994 putant3

124 4008 284 4085 sepissime
305 4027 373 4066 vero
391 4010 477 4067 arnis
498 4021 586 4087 atque
599 4012 794 4070 instrumentis
814 4010 995 4080 defensionis,
1009 4030 1068 4087 quo
1081 4011 1123 4078 fit,
1142 4019 1175 4068 ut

124 4100 244 4175 prodire
258 4099 406 4165 audentes,
420 4099 491 4158 alter
502 4101 618 4160 ulterius
628 4120 802 4180 cognoscere
813 4103 959 4178 ingenium
970 4102 1068 4177 possit.
1091 4101 1174 4160 Tunc

125 4199 224 4250 autem
239 4193 299 4250 sive
313 4201 452 4268 pugnant,
462 4213 497 4252 ex
512 4195 648 4262 victoria;
668 4196 727 4252 sive
742 4194 932 4262 consentiunt,
944 4213 979 4251 ex
988 4194 1173 4252 consensione

125 4284 228 4342 civitas
242 4284 321 4342 nasci
332 4283 412 4340 solet.

227 4385 323 4438 VOL.
343 4385 389 4436 11.
1040 4387 1072 4442 Μ
