2918 4912
178 293 234 343 nn
254 291 361 344 Junn
382 291 497 358 ntus,
517 291 588 342 cur
609 290 797 342 suuuuu
819 290 1048 342 runnnruu.
1087 275 1159 341 225

108 461 164 534 ita
191 459 376 534 voluntati
401 458 561 532 civitatis
588 457 755 554 subjecit,
779 467 822 530 ut
838 455 1018 554 quidlibet
1044 456 1163 552 possit
1192 489 1289 540 sacr,
1304 491 1356 542 ru.

110 573 262 672 impune
261 573 419 671 fucere,
432 571 538 670 leges
549 571 722 656 condere,
735 570 823 644 lites
824 571 1019 669 judicare,
1024 593 1162 668 peenas
1203 566 1345 670 *L

109 709 272 774 sumere,
289 683 434 758 viribus
451 697 489 756 et
506 684 639 782 opibus
657 684 821 757 omnium
837 709 904 758 suo
922 684 1075 757 arbitrio
1093 683 1161 770 uti,
1175 703 1375 782 praeeesse.

108 811 225 895 atque
238 798 318 871 haec
333 797 456 871 omnia
466 797 549 894 jure
564 827 573 880 ;
600 819 687 870 sane
700 796 893 893 imperium
910 797 945 870 ei
961 797 1162 868 maximum
1174 771 1375 886 mulam

108 912 214 1009 quod
230 910 386 985 concedi
402 920 536 1007 potest,
554 911 749 984 concessit.
812 909 916 984 Idem
935 908 1162 1008 experientia

108 1049 177 1122 per
194 1047 325 1097 omnes
342 1024 520 1114 civitatee,
539 1047 621 1120 quae
638 1035 725 1096 sunt
744 1024 804 1097 vel
819 1023 970 1097 fuerunt
986 1047 1161 1119 unquam,

108 1137 325 1212 confirmari
350 1147 487 1234 potest.
540 1137 774 1232 Quamquam
808 1137 906 1210 enirn
940 1136 1162 1234 quandoque

109 1253 306 1326 dubitetur
323 1249 408 1347 quis
425 1249 541 1341 homo,
559 1249 618 1322 vel
634 1248 738 1346 quod
751 1249 959 1340 concilium,
978 1273 1161 1322 summum

109 1365 149 1440 in
164 1365 317 1438 civitate
333 1363 527 1459 imperium
544 1363 690 1451 habeat,
710 1363 853 1436 exsistit
872 1373 996 1436 temen
1014 1386 1158 1459 semper

108 1491 150 1552 et
169 1487 365 1552 exercetur
381 1476 455 1550 tale
473 1476 680 1572 imperium,
696 1476 766 1550 nisi
780 1487 946 1572 tempore
971 1476 1161 1549 seditionis

110 1603 152 1666 et
165 1590 255 1664 belli
272 1589 401 1680 civilis,
415 1600 455 1664 et
480 1600 570 1662 tunc
587 1588 661 1662 duo
677 1590 772 1662 fiunt
786 1613 925 1662 sumnia
940 1589 1100 1686 inperia
1115 1613 1161 1662 ex

108 1731 200 1779 uno.
253 1704 425 1778 Sediticsi
441 1725 542 1792 vero,
561 1703 624 1800 qui
641 1713 774 1776 contra
798 1701 1004 1775 absolutam
1030 1711 1160 1798 poten-

108 1818 393 1892 tiamdisserere
411 1816 541 1904 solent,
558 1829 726 1890 nontam
743 1816 871 1889 tollere
884 1839 978 1906 eam,
997 1840 1108 1912 quarn
1121 1815 1160 1888 in

108 1932 202 2005 alios
212 1931 412 2004 transferre
422 1941 605 2026 satagunt.
632 1931 784 2004 Sublata
793 1930 892 2003 enim
902 1929 972 2002 hac
982 1929 1159 2026 potentia,

109 2069 188 2118 nna
197 2043 341 2118 tollitur
353 2043 494 2134 civitas,
506 2054 543 2117 et
556 2043 652 2116 redit
665 2041 832 2116 confirsio
846 2042 1011 2115 omnium
1024 2065 1157 2116 rerum.

110 2158 209 2231 Cum
235 2157 321 2253 jure
346 2155 514 2230 absoluto
536 2155 670 2228 summi
696 2155 911 2251 imperantis
937 2166 1045 2229 tanta
1070 2179 1159 2228 con-

109 2369 212 2445 inique
224 2367 347 2428 faciendi
367 2372 494 2430 animum
509 2372 615 2430 habere
635 2372 732 2448 possit,
753 2372 917 2448 negandum
935 2389 992 2428 non
1007 2379 1059 2430 est.
1101 2369 1159 2430 Sed

111 2459 159 2519 fac
170 2469 199 2518 te
211 2461 324 2519 dedisse
335 2463 360 2520 ei
381 2463 533 2539 imperium
548 2482 604 2520 non
619 2463 790 2532 absolutum,
804 2463 855 2520 sed
875 2471 1016 2538 quantum
1029 2461 1066 2520 ad
1077 2471 1105 2520 te
1116 2463 1159 2538 ip·

109 2569 175 2608 sum
186 2552 224 2609 ab
235 2551 345 2630 injuriis
355 2553 476 2611 aliorum
487 2552 697 2612 defendendum
709 2555 777 2612 satis
786 2555 917 2629 sitquod
924 2563 957 2611 ut
967 2554 1026 2622 des,
1035 2555 1058 2610 si
1065 2553 1160 2610 salvus

109 2661 173 2701 esse
191 2645 245 2712 vis,
263 2663 378 2704 necesse
397 2654 459 2712 ests
479 2664 573 2702 nonne
589 2647 689 2704 eadem
703 2646 799 2702 omnia
812 2657 879 2703 sunt
892 2645 1040 2704 timenda?
1083 2644 1159 2702 Nem

110 2737 161 2812 qui
180 2738 251 2794 satis
270 2734 358 2796 habet
372 2739 475 2796 virium
488 2738 524 2796 ad
545 2757 644 2796 ornnes
657 2739 858 2814 protegendos,
867 2739 935 2796 satis
945 2755 1062 2814 quoque
1072 2738 1159 2794 habet

110 2827 148 2886 sd
167 2847 269 2886 ornnes
288 2829 499 2906 opprimendos.
542 2828 622 2886 Nihil
639 2848 709 2905 ergo
732 2829 779 2886 hic
797 2828 862 2886 duri
880 2838 932 2896 est,
953 2836 1158 2904 praeterquam

112 2920 192 2996 quod
202 2939 249 2978 res
259 2921 392 2980 humanae
402 2923 463 2980 sine
474 2921 657 2980 incommodo
665 2921 763 2998 aliquo
773 2939 834 2978 esse
845 2939 902 2979 non
914 2929 1042 2996 possunt.
1060 2921 1157 2996 Atque

112 3012 166 3070 hoc
186 3013 282 3088 ipsum
296 3013 510 3071 incommodum
528 3033 545 3071 a
563 3013 681 3082 civibus,
694 3031 750 3070 uon
765 3012 802 3071 ab
813 3013 933 3089 imperio
951 3021 1003 3070 est.
1044 3011 1119 3070 Nam
1133 3013 1158 3069 si

112 3104 244 3162 homiues
257 3106 380 3181 propriis
401 3106 578 3182 singulorum
592 3107 719 3182 imperiis
729 3123 830 3182 regere
848 3125 878 3164 se
893 3113 1017 3180 possent,
1028 3105 1085 3162 hcc
1105 3111 1157 3174 est,

111 3197 208 3254 vivere
217 3197 378 3255 secundum
392 3197 468 3275 leges
486 3197 638 3266 naturales,
653 3216 726 3274 opus
735 3197 854 3255 omnino
867 3197 982 3254 civitate
1003 3215 1060 3256 non
1074 3205 1157 3268 esset,

111 3306 206 3364 neque
217 3290 364 3346 communi
378 3289 499 3365 irnperio
513 3291 648 3348 coerceri.

150 3378 305 3456 Objiciunt
327 3380 463 3448 secundo,
484 3381 636 3456 imperium
657 3381 687 3438 in
711 3381 781 3438 orbe
803 3380 967 3440 Christiano
990 3381 1154 3439 absolutum

111 3471 222 3528 nullum
233 3489 303 3530 esse.
331 3472 417 3536 Quod
428 3480 506 3530 certe
520 3490 577 3529 non
589 3481 632 3530 est
642 3491 741 3530 verum
753 3490 761 3542 ;
775 3491 841 3529 nem
855 3491 956 3530 omnes
969 3474 1153 3544 monarchias,

112 3580 270 3639 omnesque
283 3561 331 3620 alii
344 3570 435 3620 status
456 3563 605 3621 civitatum
619 3563 689 3621 tales
699 3571 775 3620 sunt.
816 3563 999 3640 Qusruquem
1011 3566 1088 3622 enim
1103 3565 1156 3630 illi,

111 3655 162 3730 qui
172 3673 318 3711 summum
332 3653 484 3729 imperium
497 3655 614 3722 habent,
627 3673 685 3713 non
699 3653 796 3713 omnia
809 3654 919 3713 iaciunt
929 3675 994 3732 quas
1005 3657 1118 3724 vellent,
1129 3665 1159 3714 et

111 3764 177 3821 quac
198 3746 309 3803 civitati
329 3745 410 3802 utilia
429 3765 491 3804 esse
510 3747 615 3813 sciunt,
636 3765 723 3804 causa
742 3746 803 3824 ejus
821 3748 862 3804 rei
884 3757 1004 3805 nonest
1027 3747 1158 3806 desectus

107 3835 188 3912 juris,
202 3837 255 3896 sed
268 3837 458 3896 consideratio
472 3837 589 3904 civium,
607 3839 658 3915 qui
678 3840 797 3914 privates
817 3840 858 3896 rei
878 3839 990 3908 attenti,
1010 3849 1040 3898 et
1058 3858 1157 3898 aarum

113 3947 287 4006 rerumque
302 3928 338 3986 ad
352 3929 500 4004 publicum
515 3939 646 4005 spectant
659 3931 760 4008 ignari,
775 3931 812 3988 ad
833 3931 958 3989 officium
974 3932 1153 4010 quandoque

113 4020 172 4078 sine
192 4021 321 4098 periculo
342 4022 464 4081 civitatis
485 4023 552 4099 cogi
576 4041 633 4080 non
656 4030 786 4099 possunt.
827 4023 930 4100 Itaque
953 4025 1097 4101 principes
1119 4025 1157 4084 ab

112 4113 249 4174 exemiso
268 4112 343 4190 juris
356 4113 401 4172 sui
420 4114 564 4172 abstinent
587 4115 752 4190 aliquando,
765 4114 980 4192 prudenterque
1000 4116 1036 4175 de
1057 4135 1089 4176 re
1102 4117 1154 4176 ali·

116 4203 191 4278 quid,
205 4202 317 4281 dejure
330 4218 428 4263 autem
441 4205 511 4262 nihil
526 4207 682 4266 remittunt.

212 4319 305 4370 von.
324 4318 370 4369 11.
1030 4325 1056 4382 Q
