<?xml version="1.0" encoding="UTF-8"?>
<!DOCTYPE html PUBLIC "-//W3C//DTD XHTML 1.0 Transitional//EN"
    "http://www.w3.org/TR/xhtml1/DTD/xhtml1-transitional.dtd">
<html xmlns="http://www.w3.org/1999/xhtml" xml:lang="en" lang="en">
 <head>
  <title>
</title>
<meta http-equiv="Content-Type" content="text/html;charset=utf-8" />
  <meta name='ocr-system' content='tesseract 3.04.00' />
  <meta name='ocr-capabilities' content='ocr_page ocr_carea ocr_par ocr_line ocrx_word'/>
</head>
<body>
  <div class='ocr_page' id='page_1' title='image "./thomhobbesmalme09hobbgoog_0382.png"; bbox 0 0 2904 4912; ppageno 0'>
   <div class='ocr_carea' id='block_1_1' title="bbox 250 289 1157 367">
    <p class='ocr_par' dir='ltr' id='par_1_1' title="bbox 250 289 1157 367">
     <span class='ocr_line' id='line_1_1' title="bbox 250 289 1157 367; baseline 0.011 -10"><span class='ocrx_word' id='word_1_1' title='bbox 250 306 304 358; x_wconf 86' lang='lat' dir='ltr'>na</span> <span class='ocrx_word' id='word_1_2' title='bbox 325 289 467 359; x_wconf 73' lang='lat' dir='ltr'>anano</span> <span class='ocrx_word' id='word_1_3' title='bbox 488 307 561 360; x_wconf 82' lang='lat' dir='ltr'>nur</span> <span class='ocrx_word' id='word_1_4' title='bbox 583 307 663 360; x_wconf 77' lang='lat' dir='ltr'>run</span> <span class='ocrx_word' id='word_1_5' title='bbox 681 307 845 360; x_wconf 71' lang='lat' dir='ltr'>oncrum</span> <span class='ocrx_word' id='word_1_6' title='bbox 865 309 1014 361; x_wconf 80' lang='lat' dir='ltr'>varus.</span> <span class='ocrx_word' id='word_1_7' title='bbox 1085 293 1157 367; x_wconf 87' lang='grc'>367</span> 
     </span>
    </p>
   </div>
   <div class='ocr_carea' id='block_1_2' title="bbox 70 471 1374 4089">
    <p class='ocr_par' dir='ltr' id='par_1_2' title="bbox 70 471 1353 800">
     <span class='ocr_line' id='line_1_2' title="bbox 109 471 1353 571; baseline 0.002 -26"><span class='ocrx_word' id='word_1_8' title='bbox 109 471 225 562; x_wconf 88' lang='lat' dir='ltr'>Deus,</span> <span class='ocrx_word' id='word_1_9' title='bbox 243 487 329 571; x_wconf 88' lang='lat' dir='ltr'>post</span> <span class='ocrx_word' id='word_1_10' title='bbox 349 475 641 566; x_wconf 90' lang='lat' dir='ltr'>tabernaculum,</span> <span class='ocrx_word' id='word_1_11' title='bbox 660 486 698 550; x_wconf 91' lang='lat' dir='ltr'>et</span> <span class='ocrx_word' id='word_1_12' title='bbox 715 499 840 549; x_wconf 88' lang='lat' dir='ltr'>arcam</span> <span class='ocrx_word' id='word_1_13' title='bbox 856 475 1004 549; x_wconf 83' lang='lat' dir='ltr'>loederis</span> <span class='ocrx_word' id='word_1_14' title='bbox 1032 497 1160 549; x_wconf 88' lang='lat' dir='ltr'>conse·</span> <span class='ocrx_word' id='word_1_15' title='bbox 1189 509 1287 560; x_wconf 66' lang='lat' dir='ltr'>sm,</span> <span class='ocrx_word' id='word_1_16' title='bbox 1301 507 1353 560; x_wconf 88' lang='lat' dir='ltr'>ru.</span> 
     </span>
     <span class='ocr_line' id='line_1_3' title="bbox 70 579 1342 694; baseline 0.003 -36"><span class='ocrx_word' id='word_1_17' title='bbox 70 579 74 588; x_wconf 79' lang='grc'><strong>’</strong></span> <span class='ocrx_word' id='word_1_18' title='bbox 109 597 264 676; x_wconf 88' lang='lat' dir='ltr'>aratam,</span> <span class='ocrx_word' id='word_1_19' title='bbox 282 611 358 660; x_wconf 91' lang='lat' dir='ltr'>non</span> <span class='ocrx_word' id='word_1_20' title='bbox 376 588 531 684; x_wconf 88' lang='lat' dir='ltr'>amplius</span> <span class='ocrx_word' id='word_1_21' title='bbox 559 589 733 686; x_wconf 85' lang='lat' dir='ltr'>loquutus</span> <span class='ocrx_word' id='word_1_22' title='bbox 757 588 806 663; x_wconf 88' lang='lat' dir='ltr'>sit</span> <span class='ocrx_word' id='word_1_23' title='bbox 833 587 872 662; x_wconf 93' lang='lat' dir='ltr'>in</span> <span class='ocrx_word' id='word_1_24' title='bbox 899 600 1027 663; x_wconf 86' lang='lat' dir='ltr'>monte</span> <span class='ocrx_word' id='word_1_25' title='bbox 1046 588 1160 678; x_wconf 84' lang='lat' dir='ltr'>Sinai,</span> <span class='ocrx_word' id='word_1_26' title='bbox 1200 585 1342 694; x_wconf 50' lang='lat' dir='ltr'>„L</span> 
     </span>
     <span class='ocr_line' id='line_1_4' title="bbox 109 699 1161 800; baseline 0.003 -28"><span class='ocrx_word' id='word_1_27' title='bbox 109 699 177 772; x_wconf 89' lang='lat' dir='ltr'>sed</span> <span class='ocrx_word' id='word_1_28' title='bbox 205 699 245 772; x_wconf 93' lang='lat' dir='ltr'>in</span> <span class='ocrx_word' id='word_1_29' title='bbox 272 701 509 776; x_wconf 86' lang='lat' dir='ltr'>tabernaculo</span> <span class='ocrx_word' id='word_1_30' title='bbox 536 701 698 792; x_wconf 85' lang='lat' dir='ltr'>foederis,</span> <span class='ocrx_word' id='word_1_31' title='bbox 726 725 749 775; x_wconf 90' lang='lat' dir='ltr'>a</span> <span class='ocrx_word' id='word_1_32' title='bbox 776 701 1034 800; x_wconf 86' lang='lat' dir='ltr'>propitiatorio</span> <span class='ocrx_word' id='word_1_33' title='bbox 1061 700 1161 798; x_wconf 90' lang='lat' dir='ltr'>quod</span> 
     </span>
    </p>

    <p class='ocr_par' dir='ltr' id='par_1_3' title="bbox 109 813 1160 911">
     <span class='ocr_line' id='line_1_5' title="bbox 109 813 1160 911; baseline 0.002 -25"><span class='ocrx_word' id='word_1_34' title='bbox 109 823 193 886; x_wconf 91' lang='lat' dir='ltr'>erat</span> <span class='ocrx_word' id='word_1_35' title='bbox 227 813 324 887; x_wconf 90' lang='lat' dir='ltr'>inter</span> <span class='ocrx_word' id='word_1_36' title='bbox 359 813 600 904; x_wconf 82' lang='lat' dir='ltr'>cherubinos,</span> <span class='ocrx_word' id='word_1_37' title='bbox 635 838 709 911; x_wconf 93' lang='lat' dir='ltr'>quo</span> <span class='ocrx_word' id='word_1_38' title='bbox 750 825 888 911; x_wconf 87' lang='lat' dir='ltr'>praeter</span> <span class='ocrx_word' id='word_1_39' title='bbox 929 814 1160 888; x_wconf 82' lang='lat' dir='ltr'>sacerdotem</span> 
     </span>
    </p>

    <p class='ocr_par' dir='ltr' id='par_1_4' title="bbox 107 925 1161 1140">
     <span class='ocr_line' id='line_1_6' title="bbox 107 925 1160 1024; baseline 0 -24"><span class='ocrx_word' id='word_1_40' title='bbox 107 925 250 1000; x_wconf 91' lang='lat' dir='ltr'>nemini</span> <span class='ocrx_word' id='word_1_41' title='bbox 268 926 444 1002; x_wconf 87' lang='lat' dir='ltr'>accedere</span> <span class='ocrx_word' id='word_1_42' title='bbox 461 927 609 1002; x_wconf 81' lang='lat' dir='ltr'>licebat.</span> <span class='ocrx_word' id='word_1_43' title='bbox 637 927 828 1024; x_wconf 91' lang='lat' dir='ltr'>Siquidem</span> <span class='ocrx_word' id='word_1_44' title='bbox 846 927 961 1024; x_wconf 82' lang='lat' dir='ltr'>igitur</span> <span class='ocrx_word' id='word_1_45' title='bbox 967 929 1037 1024; x_wconf 79' lang='lat' dir='ltr'>jas</span> <span class='ocrx_word' id='word_1_46' title='bbox 1054 928 1160 1024; x_wconf 84' lang='lat' dir='ltr'>regni</span> 
     </span>
     <span class='ocr_line' id='line_1_7' title="bbox 108 1039 1161 1140; baseline 0.002 -28"><span class='ocrx_word' id='word_1_47' title='bbox 108 1049 311 1136; x_wconf 86' lang='lat' dir='ltr'>spectetur,</span> <span class='ocrx_word' id='word_1_48' title='bbox 329 1039 438 1113; x_wconf 90' lang='lat' dir='ltr'>simul</span> <span class='ocrx_word' id='word_1_49' title='bbox 462 1051 542 1114; x_wconf 87' lang='lat' dir='ltr'>erat</span> <span class='ocrx_word' id='word_1_50' title='bbox 566 1064 740 1115; x_wconf 73' lang='lat' dir='ltr'>rammam</span> <span class='ocrx_word' id='word_1_51' title='bbox 768 1041 962 1140; x_wconf 83' lang='lat' dir='ltr'>imparium</span> <span class='ocrx_word' id='word_1_52' title='bbox 990 1039 1101 1114; x_wconf 84' lang='lat' dir='ltr'>ciuile</span> <span class='ocrx_word' id='word_1_53' title='bbox 1122 1051 1161 1114; x_wconf 86' lang='lat' dir='ltr'>et</span> 
     </span>
    </p>

    <p class='ocr_par' dir='ltr' id='par_1_5' title="bbox 106 1152 1158 1253">
     <span class='ocr_line' id='line_1_8' title="bbox 106 1152 1158 1253; baseline 0 -25"><span class='ocrx_word' id='word_1_54' title='bbox 106 1153 260 1228; x_wconf 83' lang='lat' dir='ltr'>verbam</span> <span class='ocrx_word' id='word_1_55' title='bbox 277 1152 354 1226; x_wconf 83' lang='lat' dir='ltr'>Dei</span> <span class='ocrx_word' id='word_1_56' title='bbox 371 1152 654 1253; x_wconf 75' lang='lat' dir='ltr'>interpretandi</span> <span class='ocrx_word' id='word_1_57' title='bbox 665 1155 878 1229; x_wconf 71' lang='lat' dir='ltr'>auctoritas</span> <span class='ocrx_word' id='word_1_58' title='bbox 890 1156 929 1228; x_wconf 90' lang='lat' dir='ltr'>in</span> <span class='ocrx_word' id='word_1_59' title='bbox 942 1155 1135 1229; x_wconf 86' lang='lat' dir='ltr'>sacerdote</span> <span class='ocrx_word' id='word_1_60' title='bbox 1149 1186 1158 1240; x_wconf 93' lang='lat'><strong>;</strong></span> 
     </span>
    </p>

    <p class='ocr_par' dir='ltr' id='par_1_6' title="bbox 107 1265 1159 1364">
     <span class='ocr_line' id='line_1_9' title="bbox 107 1265 1159 1364; baseline 0 -24"><span class='ocrx_word' id='word_1_61' title='bbox 107 1268 140 1340; x_wconf 88' lang='lat' dir='ltr'>si</span> <span class='ocrx_word' id='word_1_62' title='bbox 157 1265 409 1364; x_wconf 84' lang='lat' dir='ltr'>verosactam</span> <span class='ocrx_word' id='word_1_63' title='bbox 427 1268 649 1358; x_wconf 80' lang='lat' dir='ltr'>consideres,</span> <span class='ocrx_word' id='word_1_64' title='bbox 664 1267 772 1342; x_wconf 88' lang='lat' dir='ltr'>simul</span> <span class='ocrx_word' id='word_1_65' title='bbox 784 1278 891 1342; x_wconf 87' lang='lat' dir='ltr'>erant</span> <span class='ocrx_word' id='word_1_66' title='bbox 903 1267 942 1340; x_wconf 88' lang='lat' dir='ltr'>in</span> <span class='ocrx_word' id='word_1_67' title='bbox 955 1266 1159 1364; x_wconf 78' lang='lat' dir='ltr'>prophetie,</span> 
     </span>
    </p>

    <p class='ocr_par' dir='ltr' id='par_1_7' title="bbox 107 1377 1159 1476">
     <span class='ocr_line' id='line_1_10' title="bbox 107 1377 1159 1476; baseline -0.002 -24"><span class='ocrx_word' id='word_1_68' title='bbox 107 1379 173 1476; x_wconf 89' lang='lat' dir='ltr'>qui</span> <span class='ocrx_word' id='word_1_69' title='bbox 187 1377 371 1452; x_wconf 86' lang='lat' dir='ltr'>israelitas</span> <span class='ocrx_word' id='word_1_70' title='bbox 385 1378 616 1475; x_wconf 87' lang='lat' dir='ltr'>judicabant.</span> <span class='ocrx_word' id='word_1_71' title='bbox 642 1379 741 1454; x_wconf 93' lang='lat' dir='ltr'>Nam</span> <span class='ocrx_word' id='word_1_72' title='bbox 756 1391 800 1452; x_wconf 90' lang='lat' dir='ltr'>ut</span> <span class='ocrx_word' id='word_1_73' title='bbox 808 1379 975 1476; x_wconf 79' lang='lat' dir='ltr'>judices,</span> <span class='ocrx_word' id='word_1_74' title='bbox 994 1379 1159 1454; x_wconf 87' lang='lat' dir='ltr'>auctori·</span> 
     </span>
    </p>

    <p class='ocr_par' dir='ltr' id='par_1_8' title="bbox 106 1493 1159 1593">
     <span class='ocr_line' id='line_1_11' title="bbox 106 1493 1159 1593; baseline 0 -27"><span class='ocrx_word' id='word_1_75' title='bbox 106 1504 226 1566; x_wconf 88' lang='lat' dir='ltr'>tatem</span> <span class='ocrx_word' id='word_1_76' title='bbox 242 1493 433 1567; x_wconf 92' lang='lat' dir='ltr'>habebant</span> <span class='ocrx_word' id='word_1_77' title='bbox 450 1493 596 1568; x_wconf 92' lang='lat' dir='ltr'>civilem</span> <span class='ocrx_word' id='word_1_78' title='bbox 610 1525 619 1580; x_wconf 77' lang='grc' dir='ltr'><strong>ς</strong></span> <span class='ocrx_word' id='word_1_79' title='bbox 645 1505 689 1568; x_wconf 91' lang='lat' dir='ltr'>ut</span> <span class='ocrx_word' id='word_1_80' title='bbox 705 1493 920 1593; x_wconf 78' lang='lat' dir='ltr'>propbeta,</span> <span class='ocrx_word' id='word_1_81' title='bbox 937 1493 1159 1590; x_wconf 89' lang='lat' dir='ltr'>interpreta-</span> 
     </span>
    </p>

    <p class='ocr_par' dir='ltr' id='par_1_9' title="bbox 106 1606 1160 1705">
     <span class='ocr_line' id='line_1_12' title="bbox 106 1606 1160 1705; baseline -0.001 -25"><span class='ocrx_word' id='word_1_82' title='bbox 106 1607 245 1680; x_wconf 89' lang='lat' dir='ltr'>bantur</span> <span class='ocrx_word' id='word_1_83' title='bbox 263 1607 417 1681; x_wconf 88' lang='lat' dir='ltr'>verbum</span> <span class='ocrx_word' id='word_1_84' title='bbox 434 1607 527 1694; x_wconf 89' lang='lat' dir='ltr'>Dei;</span> <span class='ocrx_word' id='word_1_85' title='bbox 554 1619 667 1705; x_wconf 85' lang='lat' dir='ltr'>atque</span> <span class='ocrx_word' id='word_1_86' title='bbox 697 1607 751 1682; x_wconf 87' lang='lat' dir='ltr'>ita</span> <span class='ocrx_word' id='word_1_87' title='bbox 777 1606 879 1680; x_wconf 93' lang='lat' dir='ltr'>omni</span> <span class='ocrx_word' id='word_1_88' title='bbox 895 1606 1005 1680; x_wconf 94' lang='lat' dir='ltr'>modo</span> <span class='ocrx_word' id='word_1_89' title='bbox 1023 1606 1160 1681; x_wconf 90' lang='lat' dir='ltr'>hucus-</span> 
     </span>
    </p>

    <p class='ocr_par' dir='ltr' id='par_1_10' title="bbox 107 1719 1075 1818">
     <span class='ocr_line' id='line_1_13' title="bbox 107 1719 1075 1818; baseline -0.002 -24"><span class='ocrx_word' id='word_1_90' title='bbox 107 1745 181 1818; x_wconf 92' lang='lat' dir='ltr'>que</span> <span class='ocrx_word' id='word_1_91' title='bbox 200 1720 283 1794; x_wconf 85' lang='lat' dir='ltr'>duae</span> <span class='ocrx_word' id='word_1_92' title='bbox 296 1719 369 1794; x_wconf 85' lang='lat' dir='ltr'>illae</span> <span class='ocrx_word' id='word_1_93' title='bbox 385 1731 590 1818; x_wconf 82' lang='lat' dir='ltr'>potestates</span> <span class='ocrx_word' id='word_1_94' title='bbox 608 1719 870 1817; x_wconf 85' lang='lat' dir='ltr'>inseparabiles</span> <span class='ocrx_word' id='word_1_95' title='bbox 888 1719 1075 1794; x_wconf 87' lang='lat' dir='ltr'>exstitere.</span> 
     </span>
    </p>

    <p class='ocr_par' dir='ltr' id='par_1_11' title="bbox 105 1832 1374 4089">
     <span class='ocr_line' id='line_1_14' title="bbox 162 1832 1374 2014; baseline 0 -108"><span class='ocrx_word' id='word_1_96' title='bbox 162 1840 220 1906; x_wconf 91' lang='lat'>16.</span> <span class='ocrx_word' id='word_1_97' title='bbox 249 1833 469 1909; x_wconf 85' lang='lat' dir='ltr'>constitutis</span> <span class='ocrx_word' id='word_1_98' title='bbox 498 1833 660 1931; x_wconf 71' lang='lat' dir='ltr'>regibuS,</span> <span class='ocrx_word' id='word_1_99' title='bbox 691 1835 845 1909; x_wconf 92' lang='lat' dir='ltr'>dubium</span> <span class='ocrx_word' id='word_1_100' title='bbox 878 1859 955 1908; x_wconf 91' lang='lat' dir='ltr'>non</span> <span class='ocrx_word' id='word_1_101' title='bbox 983 1843 1039 1907; x_wconf 87' lang='lat' dir='ltr'>est</span> <span class='ocrx_word' id='word_1_102' title='bbox 1070 1832 1178 1930; x_wconf 91' lang='lat' dir='ltr'>quin</span> <span class='ocrx_word' id='word_1_103' title='bbox 1173 1841 1269 1886; x_wconf 64' lang='lat' dir='ltr'>uua...</span> <span class='ocrx_word' id='word_1_104' title='bbox 1227 1907 1374 2014; x_wconf 54' lang='lat' dir='ltr'>mm„</span> 
     </span>
     <span class='ocr_line' id='line_1_15' title="bbox 106 1907 1344 2045; baseline -0.004 -25"><span class='ocrx_word' id='word_1_105' title='bbox 106 1945 326 2020; x_wconf 79' lang='lat' dir='ltr'>auctoritas</span> <span class='ocrx_word' id='word_1_106' title='bbox 354 1946 477 2021; x_wconf 80' lang='lat' dir='ltr'>ciuilia</span> <span class='ocrx_word' id='word_1_107' title='bbox 504 1971 617 2045; x_wconf 89' lang='lat' dir='ltr'>penes</span> <span class='ocrx_word' id='word_1_108' title='bbox 646 1972 752 2045; x_wconf 85' lang='lat' dir='ltr'>reges</span> <span class='ocrx_word' id='word_1_109' title='bbox 782 1958 889 2022; x_wconf 86' lang='lat' dir='ltr'>esset.</span> <span class='ocrx_word' id='word_1_110' title='bbox 942 1947 1036 2022; x_wconf 87' lang='lat' dir='ltr'>Cum</span> <span class='ocrx_word' id='word_1_111' title='bbox 1062 1907 1260 2020; x_wconf 61' lang='grc' dir='ltr'>ιιιιίιιιίιιιῃιιῑι</span> <span class='ocrx_word' id='word_1_112' title='bbox 1206 1972 1344 2030; x_wconf 60' lang='lat' dir='ltr'>aarum,</span> 
     </span>
     <span class='ocr_line' id='line_1_16' title="bbox 106 2037 1358 2158; baseline 0.001 -25"><span class='ocrx_word' id='word_1_113' title='bbox 106 2084 265 2156; x_wconf 84' lang='lat' dir='ltr'>regnum</span> <span class='ocrx_word' id='word_1_114' title='bbox 280 2059 349 2134; x_wconf 90' lang='lat' dir='ltr'>Dei</span> <span class='ocrx_word' id='word_1_115' title='bbox 365 2084 432 2157; x_wconf 89' lang='lat' dir='ltr'>per</span> <span class='ocrx_word' id='word_1_116' title='bbox 450 2061 678 2136; x_wconf 87' lang='lat' dir='ltr'>sacerdotem</span> <span class='ocrx_word' id='word_1_117' title='bbox 681 2061 917 2158; x_wconf 87' lang='lat' dir='ltr'>,petentibus</span> <span class='ocrx_word' id='word_1_118' title='bbox 931 2059 1108 2134; x_wconf 86' lang='lat' dir='ltr'>Israelitis</span> <span class='ocrx_word' id='word_1_119' title='bbox 1122 2037 1202 2134; x_wconf 66' lang='lat' dir='ltr'>et*d</span> <span class='ocrx_word' id='word_1_120' title='bbox 1211 2037 1358 2096; x_wconf 50' lang='lat' dir='ltr'>mmm</span> 
     </span>
     <span class='ocr_line' id='line_1_17' title="bbox 107 2173 1162 2270; baseline 0 -22"><span class='ocrx_word' id='word_1_121' title='bbox 107 2173 363 2248; x_wconf 86' lang='lat' dir='ltr'>consentiente</span> <span class='ocrx_word' id='word_1_122' title='bbox 380 2173 472 2264; x_wconf 90' lang='lat' dir='ltr'>Deo,</span> <span class='ocrx_word' id='word_1_123' title='bbox 496 2173 646 2248; x_wconf 89' lang='lat' dir='ltr'>finitum</span> <span class='ocrx_word' id='word_1_124' title='bbox 663 2187 784 2260; x_wconf 89' lang='lat' dir='ltr'>esset·</span> <span class='ocrx_word' id='word_1_125' title='bbox 813 2173 913 2270; x_wconf 91' lang='lat' dir='ltr'>quod</span> <span class='ocrx_word' id='word_1_126' title='bbox 926 2184 1032 2249; x_wconf 88' lang='lat' dir='ltr'>notat</span> <span class='ocrx_word' id='word_1_127' title='bbox 1049 2174 1162 2248; x_wconf 85' lang='lat' dir='ltr'>etiam</span> 
     </span>
     <span class='ocr_line' id='line_1_18' title="bbox 109 2287 1160 2385; baseline 0.001 -26"><span class='ocrx_word' id='word_1_128' title='bbox 109 2287 360 2385; x_wconf 88' lang='lat' dir='ltr'>Hieronymus</span> <span class='ocrx_word' id='word_1_129' title='bbox 387 2287 543 2382; x_wconf 90' lang='lat' dir='ltr'>loquens</span> <span class='ocrx_word' id='word_1_130' title='bbox 571 2288 618 2361; x_wconf 88' lang='lat' dir='ltr'>de</span> <span class='ocrx_word' id='word_1_131' title='bbox 634 2287 737 2362; x_wconf 89' lang='lat' dir='ltr'>libris</span> <span class='ocrx_word' id='word_1_132' title='bbox 764 2287 966 2362; x_wconf 84' lang='lat' dir='ltr'>Samuelis:</span> <span class='ocrx_word' id='word_1_133' title='bbox 1000 2287 1160 2378; x_wconf 89' lang='lat' dir='ltr'>Samuel,</span> 
     </span>
     <span class='ocr_line' id='line_1_19' title="bbox 107 2400 1161 2498; baseline 0.001 -25"><span class='ocrx_word' id='word_1_134' title='bbox 107 2400 242 2497; x_wconf 91' lang='lat' dir='ltr'>inquit,</span> <span class='ocrx_word' id='word_1_135' title='bbox 260 2412 406 2475; x_wconf 92' lang='lat' dir='ltr'>mortuo</span> <span class='ocrx_word' id='word_1_136' title='bbox 425 2401 513 2475; x_wconf 84' lang='lat' dir='ltr'>Heli</span> <span class='ocrx_word' id='word_1_137' title='bbox 530 2413 569 2476; x_wconf 92' lang='lat' dir='ltr'>et</span> <span class='ocrx_word' id='word_1_138' title='bbox 586 2402 708 2476; x_wconf 92' lang='lat' dir='ltr'>occiso</span> <span class='ocrx_word' id='word_1_139' title='bbox 738 2401 838 2492; x_wconf 90' lang='lat' dir='ltr'>Saul,</span> <span class='ocrx_word' id='word_1_140' title='bbox 856 2413 1022 2477; x_wconf 83' lang='lat' dir='ltr'>veterem</span> <span class='ocrx_word' id='word_1_141' title='bbox 1040 2403 1161 2498; x_wconf 89' lang='lat' dir='ltr'>legem</span> 
     </span>
     <span class='ocr_line' id='line_1_20' title="bbox 108 2513 1163 2611; baseline 0 -23"><span class='ocrx_word' id='word_1_142' title='bbox 108 2515 285 2589; x_wconf 86' lang='lat' dir='ltr'>abolitam</span> <span class='ocrx_word' id='word_1_143' title='bbox 311 2523 504 2588; x_wconf 89' lang='lat' dir='ltr'>monstrat.</span> <span class='ocrx_word' id='word_1_144' title='bbox 559 2515 686 2606; x_wconf 89' lang='lat' dir='ltr'>Porro,</span> <span class='ocrx_word' id='word_1_145' title='bbox 703 2514 742 2588; x_wconf 92' lang='lat' dir='ltr'>in</span> <span class='ocrx_word' id='word_1_146' title='bbox 769 2513 890 2588; x_wconf 90' lang='lat' dir='ltr'>Sadoc</span> <span class='ocrx_word' id='word_1_147' title='bbox 912 2525 1024 2611; x_wconf 85' lang='lat' dir='ltr'>atque</span> <span class='ocrx_word' id='word_1_148' title='bbox 1042 2514 1163 2588; x_wconf 90' lang='lat' dir='ltr'>David</span> 
     </span>
     <span class='ocr_line' id='line_1_21' title="bbox 109 2627 1163 2724; baseline 0 -24"><span class='ocrx_word' id='word_1_149' title='bbox 109 2628 196 2701; x_wconf 93' lang='lat' dir='ltr'>novi</span> <span class='ocrx_word' id='word_1_150' title='bbox 215 2627 418 2702; x_wconf 89' lang='lat' dir='ltr'>sacerdotii</span> <span class='ocrx_word' id='word_1_151' title='bbox 442 2638 479 2702; x_wconf 92' lang='lat' dir='ltr'>et</span> <span class='ocrx_word' id='word_1_152' title='bbox 504 2627 593 2702; x_wconf 86' lang='lat' dir='ltr'>novi</span> <span class='ocrx_word' id='word_1_153' title='bbox 610 2627 755 2724; x_wconf 89' lang='lat' dir='ltr'>imperii</span> <span class='ocrx_word' id='word_1_154' title='bbox 773 2639 1004 2702; x_wconf 88' lang='lat' dir='ltr'>sacramenta</span> <span class='ocrx_word' id='word_1_155' title='bbox 1023 2639 1163 2701; x_wconf 88' lang='lat' dir='ltr'>testan-</span> 
     </span>
     <span class='ocr_line' id='line_1_22' title="bbox 108 2741 1163 2840; baseline 0 -26"><span class='ocrx_word' id='word_1_156' title='bbox 108 2751 182 2832; x_wconf 89' lang='lat' dir='ltr'>tur,</span> <span class='ocrx_word' id='word_1_157' title='bbox 197 2741 272 2838; x_wconf 88' lang='lat' dir='ltr'>jus,</span> <span class='ocrx_word' id='word_1_158' title='bbox 291 2765 365 2837; x_wconf 93' lang='lat' dir='ltr'>quo</span> <span class='ocrx_word' id='word_1_159' title='bbox 383 2765 489 2838; x_wconf 89' lang='lat' dir='ltr'>reges</span> <span class='ocrx_word' id='word_1_160' title='bbox 502 2742 772 2840; x_wconf 86' lang='lat' dir='ltr'>gubernabant,</span> <span class='ocrx_word' id='word_1_161' title='bbox 787 2741 826 2814; x_wconf 89' lang='lat' dir='ltr'>in</span> <span class='ocrx_word' id='word_1_162' title='bbox 843 2741 923 2839; x_wconf 88' lang='lat' dir='ltr'>ipsa</span> <span class='ocrx_word' id='word_1_163' title='bbox 934 2741 1062 2839; x_wconf 92' lang='lat' dir='ltr'>populi</span> <span class='ocrx_word' id='word_1_164' title='bbox 1075 2765 1163 2814; x_wconf 92' lang='lat' dir='ltr'>con-</span> 
     </span>
     <span class='ocr_line' id='line_1_23' title="bbox 109 2853 1163 2950; baseline 0 -22"><span class='ocrx_word' id='word_1_165' title='bbox 109 2855 273 2929; x_wconf 89' lang='lat' dir='ltr'>cessione</span> <span class='ocrx_word' id='word_1_166' title='bbox 290 2853 487 2928; x_wconf 80' lang='lat' dir='ltr'>fundatum</span> <span class='ocrx_word' id='word_1_167' title='bbox 504 2854 631 2928; x_wconf 84' lang='lat' dir='ltr'>fuisse.</span> <span class='ocrx_word' id='word_1_168' title='bbox 671 2853 852 2929; x_wconf 86' lang='lat' dir='ltr'>Sacerdos</span> <span class='ocrx_word' id='word_1_169' title='bbox 869 2853 909 2928; x_wconf 90' lang='lat' dir='ltr'>id</span> <span class='ocrx_word' id='word_1_170' title='bbox 921 2865 1067 2928; x_wconf 87' lang='lat' dir='ltr'>tantum</span> <span class='ocrx_word' id='word_1_171' title='bbox 1077 2854 1163 2950; x_wconf 89' lang='lat' dir='ltr'>jure</span> 
     </span>
     <span class='ocr_line' id='line_1_24' title="bbox 107 2968 1162 3066; baseline -0.001 -23"><span class='ocrx_word' id='word_1_172' title='bbox 107 2979 256 3065; x_wconf 87' lang='lat' dir='ltr'>poterat</span> <span class='ocrx_word' id='word_1_173' title='bbox 270 2968 370 3066; x_wconf 92' lang='lat' dir='ltr'>quod</span> <span class='ocrx_word' id='word_1_174' title='bbox 383 2969 484 3042; x_wconf 90' lang='lat' dir='ltr'>Deus</span> <span class='ocrx_word' id='word_1_175' title='bbox 497 2968 645 3065; x_wconf 89' lang='lat' dir='ltr'>juberet</span> <span class='ocrx_word' id='word_1_176' title='bbox 660 2998 669 3052; x_wconf 91' lang='lat'><strong>;</strong></span> <span class='ocrx_word' id='word_1_177' title='bbox 696 2991 762 3042; x_wconf 89' lang='lat' dir='ltr'>rex</span> <span class='ocrx_word' id='word_1_178' title='bbox 775 2978 901 3042; x_wconf 85' lang='lat' dir='ltr'>autem</span> <span class='ocrx_word' id='word_1_179' title='bbox 915 2969 999 3064; x_wconf 91' lang='lat' dir='ltr'>jure</span> <span class='ocrx_word' id='word_1_180' title='bbox 1012 2978 1162 3063; x_wconf 86' lang='lat' dir='ltr'>poterat</span> 
     </span>
     <span class='ocr_line' id='line_1_25' title="bbox 108 3078 1160 3180; baseline -0.002 -24"><span class='ocrx_word' id='word_1_181' title='bbox 108 3082 286 3180; x_wconf 90' lang='lat' dir='ltr'>quicquid</span> <span class='ocrx_word' id='word_1_182' title='bbox 302 3093 450 3178; x_wconf 88' lang='lat' dir='ltr'>poterat</span> <span class='ocrx_word' id='word_1_183' title='bbox 463 3082 547 3179; x_wconf 83' lang='lat' dir='ltr'>jure</span> <span class='ocrx_word' id='word_1_184' title='bbox 564 3080 817 3179; x_wconf 89' lang='lat' dir='ltr'>unusquisque</span> <span class='ocrx_word' id='word_1_185' title='bbox 835 3078 874 3153; x_wconf 93' lang='lat' dir='ltr'>in</span> <span class='ocrx_word' id='word_1_186' title='bbox 889 3104 939 3155; x_wconf 89' lang='lat' dir='ltr'>se.</span> <span class='ocrx_word' id='word_1_187' title='bbox 983 3080 1043 3154; x_wconf 93' lang='lat' dir='ltr'>Illi</span> <span class='ocrx_word' id='word_1_188' title='bbox 1061 3081 1160 3154; x_wconf 84' lang='lat' dir='ltr'>enim</span> 
     </span>
     <span class='ocr_line' id='line_1_26' title="bbox 108 3193 1159 3291; baseline 0.002 -23"><span class='ocrx_word' id='word_1_189' title='bbox 108 3196 285 3270; x_wconf 82' lang='lat' dir='ltr'>Israelitae</span> <span class='ocrx_word' id='word_1_190' title='bbox 294 3196 363 3291; x_wconf 76' lang='lat' dir='ltr'>jao</span> <span class='ocrx_word' id='word_1_191' title='bbox 381 3194 427 3267; x_wconf 92' lang='lat' dir='ltr'>de</span> <span class='ocrx_word' id='word_1_192' title='bbox 445 3195 614 3268; x_wconf 89' lang='lat' dir='ltr'>omnibus</span> <span class='ocrx_word' id='word_1_193' title='bbox 625 3193 830 3290; x_wconf 79' lang='lat' dir='ltr'>judicandi</span> <span class='ocrx_word' id='word_1_194' title='bbox 846 3205 885 3269; x_wconf 92' lang='lat' dir='ltr'>et</span> <span class='ocrx_word' id='word_1_195' title='bbox 901 3218 969 3290; x_wconf 90' lang='lat' dir='ltr'>pro</span> <span class='ocrx_word' id='word_1_196' title='bbox 987 3195 1159 3270; x_wconf 92' lang='lat' dir='ltr'>omnibus</span> 
     </span>
     <span class='ocr_line' id='line_1_27' title="bbox 108 3307 1160 3408; baseline 0.001 -27"><span class='ocrx_word' id='word_1_197' title='bbox 108 3308 245 3384; x_wconf 83' lang='lat' dir='ltr'>bellam</span> <span class='ocrx_word' id='word_1_198' title='bbox 273 3307 437 3408; x_wconf 77' lang='lat' dir='ltr'>gerendi</span> <span class='ocrx_word' id='word_1_199' title='bbox 464 3318 752 3394; x_wconf 85' lang='lat' dir='ltr'>concesserunt;</span> <span class='ocrx_word' id='word_1_200' title='bbox 783 3308 822 3381; x_wconf 91' lang='lat' dir='ltr'>in</span> <span class='ocrx_word' id='word_1_201' title='bbox 853 3308 987 3403; x_wconf 88' lang='lat' dir='ltr'>quibus</span> <span class='ocrx_word' id='word_1_202' title='bbox 1016 3308 1160 3382; x_wconf 90' lang='lat' dir='ltr'>duobus</span> 
     </span>
     <span class='ocr_line' id='line_1_28' title="bbox 107 3419 1160 3519; baseline -0.003 -22"><span class='ocrx_word' id='word_1_203' title='bbox 107 3422 322 3498; x_wconf 90' lang='lat' dir='ltr'>continetur</span> <span class='ocrx_word' id='word_1_204' title='bbox 339 3420 519 3519; x_wconf 91' lang='lat' dir='ltr'>quidquid</span> <span class='ocrx_word' id='word_1_205' title='bbox 542 3421 637 3519; x_wconf 89' lang='lat' dir='ltr'>juris</span> <span class='ocrx_word' id='word_1_206' title='bbox 654 3421 701 3494; x_wconf 90' lang='lat' dir='ltr'>ab</span> <span class='ocrx_word' id='word_1_207' title='bbox 726 3419 877 3494; x_wconf 85' lang='lat' dir='ltr'>homine</span> <span class='ocrx_word' id='word_1_208' title='bbox 905 3421 944 3494; x_wconf 92' lang='lat' dir='ltr'>in</span> <span class='ocrx_word' id='word_1_209' title='bbox 971 3421 1160 3496; x_wconf 89' lang='lat' dir='ltr'>bominem</span> 
     </span>
     <span class='ocr_line' id='line_1_29' title="bbox 105 3533 1157 3633; baseline -0.003 -22"><span class='ocrx_word' id='word_1_210' title='bbox 105 3535 302 3611; x_wconf 86' lang='lat' dir='ltr'>transferri</span> <span class='ocrx_word' id='word_1_211' title='bbox 333 3546 467 3633; x_wconf 90' lang='lat' dir='ltr'>potest.</span> <span class='ocrx_word' id='word_1_212' title='bbox 536 3533 746 3622; x_wconf 84' lang='lat' dir='ltr'>Jadieabit,</span> <span class='ocrx_word' id='word_1_213' title='bbox 780 3533 953 3629; x_wconf 87' lang='lat' dir='ltr'>inquiunt</span> <span class='ocrx_word' id='word_1_214' title='bbox 990 3533 1025 3630; x_wconf 94' lang='lat' dir='ltr'>(l</span> <span class='ocrx_word' id='word_1_215' title='bbox 1059 3535 1157 3608; x_wconf 90' lang='lat' dir='ltr'>Sam.</span> 
     </span>
     <span class='ocr_line' id='line_1_30' title="bbox 105 3647 1159 3746; baseline -0.007 -22"><span class='ocrx_word' id='word_1_216' title='bbox 105 3650 182 3724; x_wconf 88' lang='lat' dir='ltr'>viii.</span> <span class='ocrx_word' id='word_1_217' title='bbox 208 3650 288 3744; x_wconf 79' lang='lat'>20),</span> <span class='ocrx_word' id='word_1_218' title='bbox 315 3673 383 3722; x_wconf 84' lang='lat' dir='ltr'>aas</span> <span class='ocrx_word' id='word_1_219' title='bbox 410 3671 481 3721; x_wconf 81' lang='lat' dir='ltr'>rea</span> <span class='ocrx_word' id='word_1_220' title='bbox 508 3658 647 3738; x_wconf 78' lang='lat' dir='ltr'>noster,</span> <span class='ocrx_word' id='word_1_221' title='bbox 666 3656 705 3721; x_wconf 84' lang='lat' dir='ltr'>ct</span> <span class='ocrx_word' id='word_1_222' title='bbox 731 3647 954 3746; x_wconf 84' lang='lat' dir='ltr'>egrediatur</span> <span class='ocrx_word' id='word_1_223' title='bbox 976 3655 1065 3720; x_wconf 82' lang='lat' dir='ltr'>aute</span> <span class='ocrx_word' id='word_1_224' title='bbox 1091 3670 1159 3720; x_wconf 79' lang='lat' dir='ltr'>aas</span> 
     </span>
     <span class='ocr_line' id='line_1_31' title="bbox 107 3757 1158 3862; baseline -0.001 -26"><span class='ocrx_word' id='word_1_225' title='bbox 107 3773 146 3836; x_wconf 88' lang='lat' dir='ltr'>et</span> <span class='ocrx_word' id='word_1_226' title='bbox 165 3761 361 3862; x_wconf 79' lang='lat' dir='ltr'>pugnabit</span> <span class='ocrx_word' id='word_1_227' title='bbox 379 3761 480 3835; x_wconf 80' lang='lat' dir='ltr'>haila</span> <span class='ocrx_word' id='word_1_228' title='bbox 492 3769 624 3834; x_wconf 81' lang='lat' dir='ltr'>nostra</span> <span class='ocrx_word' id='word_1_229' title='bbox 636 3783 714 3859; x_wconf 85' lang='lat' dir='ltr'>pro</span> <span class='ocrx_word' id='word_1_230' title='bbox 731 3757 849 3833; x_wconf 79' lang='lat' dir='ltr'>nabis.</span> <span class='ocrx_word' id='word_1_231' title='bbox 893 3758 1052 3834; x_wconf 85' lang='lat' dir='ltr'>Jadicia</span> <span class='ocrx_word' id='word_1_232' title='bbox 1069 3783 1158 3855; x_wconf 85' lang='lat' dir='ltr'>ergo</span> 
     </span>
     <span class='ocr_line' id='line_1_32' title="bbox 105 3872 1157 3974; baseline -0.005 -24"><span class='ocrx_word' id='word_1_233' title='bbox 105 3900 221 3974; x_wconf 91' lang='lat' dir='ltr'>penes</span> <span class='ocrx_word' id='word_1_234' title='bbox 238 3899 344 3973; x_wconf 84' lang='lat' dir='ltr'>reges</span> <span class='ocrx_word' id='word_1_235' title='bbox 361 3887 480 3950; x_wconf 88' lang='lat' dir='ltr'>erant.</span> <span class='ocrx_word' id='word_1_236' title='bbox 520 3873 707 3948; x_wconf 84' lang='lat' dir='ltr'>Jadicare</span> <span class='ocrx_word' id='word_1_237' title='bbox 724 3883 848 3947; x_wconf 89' lang='lat' dir='ltr'>autem</span> <span class='ocrx_word' id='word_1_238' title='bbox 861 3872 953 3946; x_wconf 91' lang='lat' dir='ltr'>nihil</span> <span class='ocrx_word' id='word_1_239' title='bbox 971 3872 1073 3946; x_wconf 90' lang='lat' dir='ltr'>aliud</span> <span class='ocrx_word' id='word_1_240' title='bbox 1090 3882 1157 3963; x_wconf 91' lang='lat' dir='ltr'>est,</span> 
     </span>
     <span class='ocr_line' id='line_1_33' title="bbox 107 3984 1159 4089; baseline -0.005 -25"><span class='ocrx_word' id='word_1_241' title='bbox 107 4015 220 4089; x_wconf 88' lang='lat' dir='ltr'>quam</span> <span class='ocrx_word' id='word_1_242' title='bbox 244 3989 351 4088; x_wconf 83' lang='lat' dir='ltr'>teges</span> <span class='ocrx_word' id='word_1_243' title='bbox 368 3988 417 4063; x_wconf 91' lang='lat' dir='ltr'>ad</span> <span class='ocrx_word' id='word_1_244' title='bbox 433 3988 533 4063; x_wconf 82' lang='lat' dir='ltr'>facta</span> <span class='ocrx_word' id='word_1_245' title='bbox 549 3986 837 4085; x_wconf 77' lang='lat' dir='ltr'>interpretanda</span> <span class='ocrx_word' id='word_1_246' title='bbox 855 3985 1058 4084; x_wconf 79' lang='lat' dir='ltr'>applicare</span> <span class='ocrx_word' id='word_1_247' title='bbox 1068 4013 1083 4069; x_wconf 90' lang='lat'><em>;</em></span> <span class='ocrx_word' id='word_1_248' title='bbox 1109 3984 1159 4059; x_wconf 90' lang='lat' dir='ltr'>ad</span> 
     </span>
    </p>
   </div>
   <div class='ocr_carea' id='block_1_3' title="bbox 108 4097 1159 4200">
    <p class='ocr_par' dir='ltr' id='par_1_12' title="bbox 108 4097 1159 4200">
     <span class='ocr_line' id='line_1_34' title="bbox 108 4097 1159 4200; baseline -0.006 -22"><span class='ocrx_word' id='word_1_249' title='bbox 108 4104 258 4179; x_wconf 88' lang='lat' dir='ltr'>eosdem</span> <span class='ocrx_word' id='word_1_250' title='bbox 277 4126 367 4200; x_wconf 83' lang='lat' dir='ltr'>ergo</span> <span class='ocrx_word' id='word_1_251' title='bbox 384 4100 596 4200; x_wconf 86' lang='lat' dir='ltr'>pertinebat</span> <span class='ocrx_word' id='word_1_252' title='bbox 624 4099 750 4198; x_wconf 81' lang='lat' dir='ltr'>legam</span> <span class='ocrx_word' id='word_1_253' title='bbox 777 4097 1057 4197; x_wconf 79' lang='lat' dir='ltr'>interpretatio.</span> <span class='ocrx_word' id='word_1_254' title='bbox 1110 4099 1159 4172; x_wconf 89' lang='lat' dir='ltr'>Et</span> 
     </span>
    </p>
   </div>
   <div class='ocr_carea' id='block_1_4' title="bbox 107 4211 1157 4314">
    <p class='ocr_par' dir='ltr' id='par_1_13' title="bbox 107 4211 1157 4314">
     <span class='ocr_line' id='line_1_35' title="bbox 107 4211 1157 4314; baseline -0.007 -22"><span class='ocrx_word' id='word_1_255' title='bbox 107 4219 195 4314; x_wconf 90' lang='lat' dir='ltr'>quia</span> <span class='ocrx_word' id='word_1_256' title='bbox 222 4229 356 4314; x_wconf 88' lang='lat' dir='ltr'>praeter</span> <span class='ocrx_word' id='word_1_257' title='bbox 384 4215 506 4314; x_wconf 79' lang='lat' dir='ltr'>legem</span> <span class='ocrx_word' id='word_1_258' title='bbox 532 4213 759 4304; x_wconf 79' lang='lat' dir='ltr'>Moaaicam,</span> <span class='ocrx_word' id='word_1_259' title='bbox 777 4211 879 4286; x_wconf 91' lang='lat' dir='ltr'>aliud</span> <span class='ocrx_word' id='word_1_260' title='bbox 906 4213 1060 4286; x_wconf 90' lang='lat' dir='ltr'>verbum</span> <span class='ocrx_word' id='word_1_261' title='bbox 1088 4212 1157 4286; x_wconf 91' lang='lat' dir='ltr'>Dei</span> 
     </span>
    </p>
   </div>
   <div class='ocr_carea' id='block_1_5' title="bbox 0 0 1456 4912">
    <p class='ocr_par' dir='ltr' id='par_1_14' title="bbox 0 0 1456 4912">
     <span class='ocr_line' id='line_1_36' title="bbox 0 0 1456 4912; baseline 0 0"><span class='ocrx_word' id='word_1_262' title='bbox 0 0 1456 4912; x_wconf 95' lang='lat' dir='ltr'> </span> 
     </span>
    </p>
   </div>
  </div>
 </body>
</html>
