2896 4914
302 288 356 340 nn
372 287 566 340 nronrars
587 287 846 357 normulam,
866 287 954 340 nuc.
1093 271 1140 349 79

100 451 254 541 directa,
269 452 406 549 alioqui
436 477 510 526 non
545 454 698 527 coibunt
727 455 766 527 in
791 479 859 528 axe
889 479 973 530 eum
999 455 1140 540 retina;
1178 491 1278 542 sm,
1292 490 1331 542 11,

100 567 139 639 id
165 567 267 663 quod
293 567 341 640 ad
371 568 582 641 distinctam
609 568 786 640 visionem
804 580 861 642 est
883 569 1140 642 necessarium.
1179 567 1324 674 ,ἢῆ-ὀ

100 680 290 753 Distantia
314 681 411 753 inter
438 704 476 753 se
508 681 663 755 duorum
688 680 930 778 dioptrorum,
948 706 994 756 ex
1012 682 1142 778 quibus
1155 707 1340 784 aaronem

100 794 297 866 conficitur
321 793 570 891 telescopium,
599 793 739 867 duabus
764 795 872 868 rebus
901 795 1144 868 determinata
1154 773 1339 896 fffflm

100 915 167 981 est.
222 929 251 979 1.
279 907 348 979 Per
358 906 569 980 distantiam
585 906 720 1004 objecti
743 931 765 980 a
782 907 941 1004 dioptro,
957 907 1055 1004 qnod
1072 907 1143 1004 ipsi

99 1019 313 1114 proximum
330 1030 397 1093 est.
450 1042 496 1093 11.
523 1021 592 1093 Per
617 1021 841 1116 sphaerarum
858 1021 1141 1117 magnitudines,

99 1157 145 1205 ex
160 1131 383 1228 quibusipsa
396 1131 641 1205 conficiuntur
654 1132 810 1229 dioptra.
836 1133 1003 1230 Exempli
1016 1157 1141 1218 eausa3

100 1246 148 1318 sit
164 1246 218 1336 (in
233 1245 363 1318 eadem
373 1246 492 1340 ligura
504 1245 637 1341 prima)
655 1246 840 1342 dioptrum
851 1271 1053 1321 concavum
1065 1247 1082 1320 l
1095 1249 1141 1337 K,

101 1383 232 1431 secans
249 1358 285 1430 A
297 1357 326 1447 Ι,
346 1359 435 1448 ΒΚ,
452 1359 644 1456 parallelas
662 1361 784 1456 quoad
802 1384 960 1450 sensum,
978 1361 1044 1434 sed
1059 1383 1144 1434 coe-

100 1485 209 1544 untes
227 1472 375 1560 alieubi,
389 1472 428 1544 in
444 1472 591 1568 punctis
604 1474 634 1562 I,
648 1473 694 1545 K.
729 1474 813 1546 Jam
826 1475 1050 1569 refringatur
1067 1472 1141 1563 ΑΙ,

100 1597 143 1658 ut
159 1584 324 1681 postulat
340 1598 473 1658 natura
485 1584 621 1682 dioptri
639 1586 801 1674 concavi,
816 1609 882 1682 per
895 1586 955 1660 IG
971 1587 1010 1658 in
1019 1597 1142 1683 partes

101 1699 146 1770 ab
165 1721 235 1770 axe
254 1697 378 1793 optico
396 1721 552 1786 aversas,
571 1709 609 1770 et
625 1721 750 1770 rursus
769 1697 830 1772 IG
847 1698 1081 1794 refringatur,
1098 1710 1142 1772 ut

100 1812 262 1909 postulat
289 1823 423 1884 natura
447 1810 583 1908 dioptri
606 1811 759 1885 convexi
776 1811 869 1900 GH,
895 1835 961 1908 per
978 1811 1071 1903 GN,
1090 1811 1143 1886 ita

100 1935 143 1997 ut
171 1933 353 2020 punctum
379 1923 415 1996 N
445 1923 492 1998 sit
522 1925 561 1997 in
591 1925 669 2021 ipso
692 1948 771 1997 axe.
824 1925 1061 1999 Manifestum
1087 1935 1143 1999 est

101 2038 194 2133 (cap.
215 2058 261 2109 11.
289 2047 358 2109 ert.
385 2037 422 2127 2)
449 2037 548 2134 quod
570 2037 695 2110 radius
725 2037 904 2111 refractus
933 2037 1141 2129 NGIAC,

101 2151 196 2223 siout
214 2151 327 2224 etiam
352 2150 476 2224 radius
493 2150 529 2223 N
542 2151 578 2224 H
592 2152 626 2224 K
640 2149 669 2222 B
683 2150 713 2224 C
729 2150 818 2225 facit
834 2151 951 2224 videri
964 2163 1143 2248 punctum

102 2263 137 2334 N
154 2263 193 2336 in
211 2264 292 2360 ipso
310 2287 400 2336 axe:
427 2264 469 2336 fit
486 2263 599 2359 igitur
622 2263 797 2338 distincta
811 2265 916 2354 visio,
934 2265 1088 2362 dioptris
1106 2275 1144 2339 et

104 2376 263 2471 objecto,
300 2375 395 2448 sicut
424 2376 585 2472 positum
611 2387 679 2466 est,
714 2378 837 2473 quoad
867 2378 1078 2452 distantiam
1105 2389 1142 2452 et

102 2488 393 2585 magnitudinem
410 2487 672 2562 determinatis.
726 2490 837 2564 Quod
850 2491 880 2564 si
896 2504 1073 2588 punctum
1094 2491 1142 2582 N,

102 2602 283 2674 stantibus
302 2600 468 2696 dioptris,
486 2601 687 2675 intantum
712 2603 759 2675 ad
785 2603 864 2700 ipsa
890 2604 1141 2694 admoveatur,

101 2731 142 2788 ut
163 2714 260 2787 radii
277 2715 323 2786 ab
340 2713 420 2808 ipso
438 2713 486 2786 ad
503 2714 752 2788 extremitates
768 2716 916 2812 pupillae
933 2717 1141 2790 sensibilem

102 2828 241 2901 faciant
271 2825 456 2922 angulum,
475 2827 533 2898 vel
556 2836 675 2899 stante
701 2827 846 2925 objecto
865 2829 1038 2903 distantia
1061 2854 1143 2904 mu-

102 2954 200 3014 tetur
218 2939 459 3036 dioptrorum,
476 2940 710 3014 manifestum
736 2953 791 3014 est
817 2943 940 3016 radios
965 2942 1142 3017 retractos

102 3055 253 3128 ultimos
270 3077 345 3126 non
370 3052 450 3125 fore
468 3053 541 3142 IA,
574 3054 663 3144 ΒΚ,
675 3067 713 3126 et
729 3054 883 3150 proinde
909 3056 1086 3130 retractos
1103 3057 1143 3131 in

103 3169 209 3240 oculo
235 3190 311 3238 non
338 3188 415 3237 esse
442 3189 591 3238 casuros
616 3166 654 3238 in
671 3178 851 3263 punctum
875 3170 917 3260 C,
935 3182 972 3242 et
989 3169 1143 3266 proinde

103 3281 276 3353 distinete
291 3278 407 3352 videri
420 3302 495 3350 non
508 3303 627 3374 posse.

160 3403 195 3466 3.
224 3393 377 3480 Rursus,
412 3391 442 3464 si
471 3390 709 3489 telesoopium
739 3407 882 3468 constet
907 3420 952 3469 ex
985 3409 1143 3495 utroque

103 3506 250 3602 dioptro
265 3528 441 3593 convexo,
459 3505 553 3578 ratio
571 3519 722 3602 propter
739 3531 850 3604 quam
867 3510 1052 3608 objectum
1070 3510 1144 3584 dis-

102 3620 218 3692 tincte
235 3617 383 3690 videtur
400 3617 528 3690 eadem
546 3630 603 3692 est
620 3643 702 3715 quae
718 3621 830 3714 prius.

152 3732 210 3804 Sit
229 3730 283 3824 (in
299 3730 417 3826 figura
430 3730 605 3824 secunda)
626 3731 753 3806 oculus
766 3735 799 3806 A
812 3734 842 3806 B
854 3735 894 3824 C,
907 3747 1075 3809 centrum
1089 3760 1145 3808 re·

104 3845 190 3916 tinae
204 3844 251 3931 D,
266 3842 343 3915 axis
357 3843 499 3938 opticus
518 3843 553 3915 N
565 3844 598 3917 D
611 3844 662 3928 C;
689 3845 926 3944 inciduntque
939 3848 978 3920 in
995 3849 1144 3945 pupillae

106 3956 353 4029 extremitates
371 3955 444 4029 duo
470 3955 564 4028 radii
582 3957 706 4052 quoad
722 3981 869 4032 sensum
886 3961 1050 4057 paralleli
1068 3961 1097 4033 A
1113 3962 1142 4052 Ι,

107 4069 205 4152 ΒΚ;
233 4069 353 4164 sitque
382 4067 568 4164 dioptrum
594 4069 659 4141 IK
686 4095 902 4162 convexum,
930 4076 1033 4171 cujus
1060 4099 1144 4148 cen·

107 4192 203 4254 trum
229 4180 277 4254 sit
298 4181 340 4270 E,
358 4192 396 4254 et
422 4181 645 4278 refringatur
670 4184 744 4274 Al,
762 4209 829 4282 pro
847 4197 979 4261 natura
996 4187 1142 4285 dioptri,
