2904 4916
341 328 395 380 nn
416 326 596 380 orrucue
617 324 929 377 rurususrruru.
1085 305 1153 373 301

106 519 222 584 mum,
239 505 284 568 ut
301 495 350 568 sit
366 496 430 592 qui
447 496 611 569 omnium
629 518 767 584 eorum,
786 489 854 589 qui
868 489 1007 566 civitati
1025 511 1160 562 nocere
1189 520 1286 572 socr,
1299 520 1351 570 ιη,

105 618 274 705 possunt,
293 621 472 705 quantum
485 610 566 683 fieri
578 621 713 706 potest,
732 607 885 682 consilia
901 616 939 678 et
956 617 1078 676 motus
1096 628 1160 675 ee-
1203 597 1344 702 ἐζ,

99 720 236 819 ploret
254 733 293 794 ct
303 724 547 820 presentlat.
606 724 701 796 Sunt
715 722 814 794 euim
825 720 876 793 ibi
893 716 1161 817 exploratores

107 833 156 906 ad
174 859 250 925 ece,
269 836 332 932 qui
349 859 533 910 summum
557 837 752 935 imperium
773 832 1044 920 administrant,
1061 828 1161 902 idem

108 947 211 1043 quod
236 947 331 1021 radii
351 949 445 1022 lucis
472 949 521 1023 ad
540 949 701 1023 animam
716 949 928 1022 humanam.
979 945 1104 1038 Atque
1121 943 1161 1014 in

107 1061 249 1134 visione
266 1061 428 1156 politica,
447 1086 556 1158 quam
573 1063 612 1135 in
637 1062 798 1135 naturali
822 1059 960 1132 rectius
985 1056 1160 1145 dicemus,

110 1174 250 1270 species
261 1197 385 1246 rerum
395 1188 632 1249 externarum
643 1174 830 1248 sensibiles
840 1170 1161 1268 intelligibilesque

111 1287 159 1360 ad
185 1287 360 1376 animam,
386 1287 458 1360 hoo
486 1297 552 1377 est,
578 1312 641 1361 eos
668 1287 731 1383 qni
757 1309 941 1382 summum
966 1283 1162 1379 imperium

112 1400 271 1473 civitatis
297 1399 568 1492 administrant,
600 1401 647 1475 cb
675 1400 756 1474 aliis
783 1423 859 1472 non
889 1396 1163 1472 animadversas

112 1537 178 1610 per
195 1536 319 1586 aerem
336 1513 601 1609 transportari;
628 1513 786 1609 ideoque
806 1535 882 1584 non
900 1511 1020 1583 minus
1037 1533 1163 1582 neces·

112 1626 197 1699 sarii
216 1635 304 1698 sunt
321 1625 537 1701 adsalutem
563 1627 735 1717 civitatis,
754 1649 864 1722 quam
886 1625 977 1698 lucis
1005 1623 1097 1696 radii
1115 1621 1164 1695 ad

113 1738 268 1812 sulutem
295 1739 476 1813 hominis:
503 1740 562 1814 vel
589 1741 620 1813 si
650 1751 911 1836 comparentur
945 1759 1163 1810 aranearum

112 1853 209 1944 telis,
230 1876 324 1949 quae,
353 1863 514 1927 extensae
537 1853 774 1950 undiquaque
805 1850 1050 1925 subtilissimis
1079 1849 1164 1936 filis,

112 1979 234 2041 motus
252 1977 423 2040 externos
448 1966 537 2063 ipsis
563 1967 663 2040 intus
688 1967 727 2039 iu
753 1963 958 2038 cavernulis
984 1962 1059 2036 suis
1075 1962 1165 2036 resi·

115 2079 289 2152 dentibus
319 2079 552 2175 significant3
579 2102 654 2151 non
684 2079 801 2174 magis
824 2077 850 2150 ii
877 2077 940 2173 qui
965 2077 1163 2172 imperant,

114 2191 203 2287 quid
220 2190 270 2264 ad
286 2191 517 2264 subditorum
544 2214 693 2264 suorum
715 2189 967 2265 defensionem
983 2190 1163 2284 imperato

113 2329 206 2402 opus
233 2314 300 2393 est,
327 2305 406 2378 sine
431 2303 750 2403 exploratoribus,
777 2329 888 2401 quam
913 2303 987 2376 illae
1017 2303 1164 2398 quando

114 2418 323 2493 exeundum
351 2429 389 2493 et
419 2443 491 2516 quo
521 2419 789 2492 recurrendum
808 2419 870 2507 sit,
890 2417 970 2491 sine
992 2415 1064 2490 filis
1090 2415 1165 2490 suis

114 2533 208 2607 scire
226 2545 392 2630 possunt.

164 2657 199 2722 8.
228 2646 371 2721 Deinde
389 2645 437 2719 ad
453 2645 703 2718 defensionem
729 2643 857 2741 populi
879 2642 1081 2738 requiritur
1101 2664 1167 2714 ne·
1180 2659 1348 2738 unimam

114 2761 274 2834 cessario
291 2771 333 2833 ut
346 2761 421 2832 sint
436 2759 670 2857 premuniti.
722 2756 939 2831 Praemuniri
956 2765 1079 2828 autem
1097 2764 1164 2844 est,
1178 2726 1361 2848 fflssffl'

114 2875 306 2962 militibus,
333 2872 454 2960 armis,
479 2871 607 2960 classe,
642 2868 938 2968 propugnaculis,
966 2879 1164 2962 antequam
1177 2855 1371 2970 ffiffl*

114 2989 227 3061 instet
243 2987 460 3083 periculum,
479 2985 714 3082 comparatis,
733 2995 770 3058 et
797 2982 954 3081 pecunia
967 2985 1046 3080 jam
1063 3006 1165 3055 com·
1176 2985 1348 3093 313¹:de

113 3111 262 3198 portata
290 3100 434 3173 instrui.
496 3100 593 3172 Nam
623 3098 758 3172 milites
786 3096 1031 3186 conscribere,
1062 3113 1260 3174 armanum

116 3213 347 3310 conquirere,
365 3223 450 3310 post
467 3223 656 3308 acceptam
683 3212 837 3301 cladem,
856 3211 888 3284 si
905 3235 981 3284 non
997 3210 1165 3306 impossi-

114 3328 200 3414 bile,
219 3328 350 3401 saltem
373 3351 495 3399 serum
515 3336 582 3399 est.
637 3325 814 3400 Similiter
830 3325 1111 3422 propugnacula
1127 3337 1166 3398 et

113 3440 288 3537 praesidia
300 3464 374 3513 non
388 3452 475 3513 ante
485 3439 575 3512 locis
586 3440 802 3536 opportunis
818 3439 1043 3512 constituere
1055 3463 1166 3535 quum

113 3556 207 3627 fines
237 3553 471 3643 invadantur,
501 3552 619 3625 simile
646 3562 704 3624 est
734 3553 970 3640 rusticorum,
998 3562 1042 3624 ut
1072 3551 1166 3624 dixit

114 3667 397 3755 Demosthenes
415 3665 490 3761 qui,
508 3663 628 3761 ignari
645 3665 737 3738 artis
761 3664 1003 3761 gladiatoriae,
1019 3665 1067 3736 ab
1090 3689 1166 3737 una

113 3795 222 3879 parte
254 3779 420 3876 corporis
451 3779 499 3852 ad
528 3778 651 3867 eliam,
679 3778 815 3851 ictibus
845 3777 989 3865 moniti,
1016 3777 1165 3873 clypeos

113 3895 355 3970 transferunt.
393 3894 569 3968 univero
586 3892 779 3989 pecuniam
792 3892 840 3965 ad
852 3891 987 3964 milites
1000 3889 1163 3978 alendos,

115 4026 153 4082 et
168 4019 323 4082 caeteras
337 4006 564 4079 exercituum
577 4005 772 4100 impensae,
788 4017 877 4078 tunc
889 4003 1062 4098 imperari
1076 4003 1164 4076 satis

113 4134 325 4218 opportune
344 4129 489 4216 putant,
512 4118 659 4215 quando
679 4119 882 4214 periculum
900 4116 1030 4211 incipit
1052 4139 1163 4213 appa-

113 4260 210 4326 rere,
229 4235 288 4308 illi.
296 4245 397 4308 certe
410 4257 485 4307 non
496 4233 732 4309 considerant
746 4256 856 4327 quam
871 4230 1018 4304 difficile
1029 4231 1077 4304 sit
1087 4241 1164 4304 tam
