2904 4912
225 313 280 366 nu
301 311 444 365 arcuo
465 312 537 364 nm
558 311 638 364 nnn
658 301 825 366 tucrum
845 309 1010 364 uorum.
1066 292 1136 360 381

97 493 175 546 non
190 469 315 544 Moses
331 491 451 566 neque
465 468 692 558 Cumarum
711 490 756 542 ex
774 477 884 564 pacto
900 461 1075 560 rexerat)
1096 485 1142 535 ex
1170 499 1267 554 ΒΜ,
1281 497 1334 550 ur.

98 609 144 658 eo
162 582 359 679 colligitur,
374 581 474 679 quod
491 581 625 655 dixerit
638 580 792 676 (Matth.
803 604 840 654 v.
857 581 917 674 17)
937 607 946 652 ε
973 603 1044 652 noa
1058 575 1142 650 oeni
1183 576 1326 684 ss

96 697 260 786 uoluere,
273 695 447 769 nimirum
464 696 564 791 leges
581 711 691 768 antea
714 718 737 767 a
758 694 836 768 Deo
853 691 946 766 latas
972 715 1040 790 per
1060 691 1144 763 Mo-

98 835 166 885 sen
194 831 284 905 quas
309 808 437 882 statim
461 808 739 904 interpretatur,
760 804 831 880 red
847 804 1078 902 adimplere:
1106 815 1144 878 et

97 923 257 1020 (Matth.
275 947 310 995 v.
334 924 416 1017 19):
455 921 521 1020 qui
555 919 713 994 solverit
742 944 850 993 unum
878 919 924 992 de
954 916 1144 992 mandatis

100 1038 185 1111 iltis
216 1035 376 1108 minimis
407 1044 446 1108 et
476 1032 649 1108 docuerit
679 1033 736 1108 ric
770 1033 946 1122 dominer,
974 1029 1144 1104 minimus

99 1147 299 1224 uocabitur
331 1147 370 1219 r'rr
400 1171 519 1244 regno
548 1145 738 1220 coetorum.
789 1147 876 1220 Non
900 1169 988 1241 ergo
1015 1143 1146 1217 habuit

100 1264 316 1337 Gauranos
340 1285 362 1332 a
391 1271 500 1356 patre
530 1261 601 1334 sibi
631 1260 863 1335 commissam
887 1257 1147 1332 auctoritatem

100 1376 245 1472 regiam
269 1384 333 1447 aut
361 1374 637 1471 imperatoriam
656 1375 695 1447 in
712 1373 863 1462 mundo,
890 1371 955 1446 sed
980 1369 1148 1446 consilia-
1178 1439 1184 1452 ,

100 1491 198 1562 riam
234 1498 272 1560 et
301 1487 544 1561 doctrinalem
573 1499 742 1572 tantum;
773 1486 813 1560 id
842 1486 940 1584 quod
967 1484 1150 1581 significat

101 1603 195 1700 ipse,
214 1613 294 1674 tum
323 1600 476 1696 (Matth.
494 1601 543 1674 iv.
563 1603 623 1695 19)
651 1601 715 1676 ubi
731 1609 840 1674 vocat
857 1596 1051 1698 apostolor
1073 1617 1149 1670 non

102 1724 301 1789 venatores
336 1712 402 1787 sed
421 1714 642 1812 piscatores
670 1712 863 1803 dominum,
889 1724 970 1787 tum
998 1709 1149 1804 (Matth.

102 1828 183 1904 xiii.
204 1827 335 1914 31-33l
348 1826 413 1899 ubi
427 1837 618 1925 comparat
634 1849 790 1922 regnum
801 1826 871 1900 Dei
883 1849 998 1922 grano
1013 1822 1150 1922 sinapio

104 1952 145 2015 et
162 1941 345 2015 fermento
363 1939 606 2014 abscondito
596 1963 635 2014 m
653 1939 784 2014 farina

159 2059 194 2137 7.
223 2051 395 2127 Promisit
405 2052 517 2144 Deus,
528 2077 703 2150 primum
716 2052 926 2126 Abrahamo
944 2075 1068 2124 semen
1081 2072 1196 2124 nu·
1163 2057 1196 2103 Ρ
1197 2055 1348 2114 denir*

108 2191 308 2255 merosum,
335 2167 608 2296 possessionem
634 2179 743 2241 terrae
767 2165 953 2256 chanaan,
978 2177 1015 2239 et
1041 2165 1151 2238 bene·
1163 2121 1342 2249 ffimddr

110 2281 312 2355 dictionem
330 2281 496 2376 gentium
513 2281 553 2353 in
572 2281 709 2354 semine
733 2281 823 2377 ejuS,
841 2304 885 2354 ea
906 2279 1005 2409 lege,
1016 2290 1059 2353 ut
1074 2279 1152 2376 ipse

109 2407 151 2469 et
178 2417 303 2467 semen
329 2394 408 2489 ejus
436 2393 471 2466 ei
494 2393 696 2478 servirent;
724 2393 857 2468 deinde
879 2393 1009 2467 semini
1035 2393 1154 2468 Abra-

109 2507 211 2582 hami
230 2505 433 2579 secundum
451 2529 600 2580 carnem
613 2531 769 2600 regnum
787 2505 1038 2596 sacerdotale,
1056 2505 1154 2601 regi-

113 2644 201 2696 men
231 2619 471 2708 liberrimum,
506 2621 545 2693 in
572 2642 644 2715 quo
670 2619 771 2694 nullo
806 2619 966 2695 humano
1000 2617 1154 2715 imperio

110 2732 329 2829 subjiciendi
348 2744 465 2823 erant,
483 2757 527 2806 ea
556 2734 649 2830 lege,
673 2745 717 2806 ut
745 2734 925 2807 servirent
940 2734 1019 2807 Deo
1037 2732 1155 2806 Abra-

111 2846 215 2919 hami
250 2869 293 2920 eo
323 2847 411 2936 ritu,
448 2871 557 2942 quem
589 2846 739 2920 doceret
772 2847 908 2933 Moses;
948 2857 1154 2944 postremo,

111 2971 151 3034 et
181 2959 253 3032 illis
284 2970 322 3032 et
349 2961 517 3034 omnibus
546 2961 719 3057 gentibus
749 2985 905 3057 regnum
936 2959 1088 3034 ooelerte
1118 2970 1157 3034 et

111 3083 302 3162 eternum,
326 3097 370 3146 ea
398 3074 490 3170 lege,
508 3085 552 3147 ut
575 3075 753 3148 servirent
783 3075 861 3149 Deo
885 3074 1086 3148 Abrahami
1112 3099 1156 3150 eo

110 3186 202 3274 ritu,
221 3208 330 3281 quem
347 3185 500 3260 doceret
517 3187 743 3260 Cumarus.
796 3186 917 3260 Paeto
936 3187 1036 3261 enim
1052 3211 1157 3280 novo,

111 3298 187 3372 hoc
204 3310 262 3372 est
283 3299 514 3391 Christiano,
533 3313 754 3375 conventum
772 3312 826 3375 est
853 3326 899 3376 ex
915 3315 1022 3400 parte
1039 3303 1158 3377 homi-

111 3436 217 3502 num,
240 3422 281 3485 ut
302 3412 384 3484 Deo
414 3413 602 3490 seruirent
619 3414 830 3488 Abrahami
859 3440 902 3489 eo
929 3416 1020 3506 ritu,
1052 3441 1159 3515 quem
1196 3467 1205 3480 -

115 3525 274 3598 doceret
289 3525 444 3611 Jnsus3
472 3551 517 3600 ex
546 3539 653 3625 parte
676 3528 757 3614 Dei,
774 3540 817 3602 ut
841 3530 1051 3604 remitteret
1078 3529 1159 3602 itta

106 3648 291 3737 peccato,
307 3648 345 3712 et
362 3638 400 3712 ir
418 3663 574 3738 reguum
602 3640 753 3714 coelerte
770 3641 873 3740 ipsos
891 3641 1159 3716 introduceret.

116 3753 175 3825 De
191 3774 312 3850 regno
340 3751 497 3844 coelesti,
517 3753 624 3850 quale
641 3752 764 3845 fuerit,
784 3755 941 3828 diximus
964 3779 1075 3852 supra
1101 3779 1161 3830 ar-

115 3864 231 3938 ticulo
258 3865 397 3960 quinto.
450 3867 638 3964 Appellari
665 3879 788 3942 autem
819 3868 922 3958 solet,
941 3868 1161 3964 quandoque

116 4001 276 4075 regrum
320 3978 507 4070 coelorum,
552 3979 771 4079 quandoque
813 4003 969 4080 regrum
1008 3980 1161 4080 glorioe,

117 4089 341 4186 quandoque
359 4090 438 4165 vita
457 4102 612 4166 oeterncr.
657 4094 768 4170 Quod
781 4093 979 4190 requiritur
996 4117 1040 4166 ex
1057 4104 1163 4192 parte

117 4202 322 4295 hominum,
365 4227 497 4303 nempe
544 4207 679 4280 servire
722 4207 801 4281 Deo
843 4219 955 4304 prout
997 4207 1164 4283 docuerit

123 4317 354 4406 Cunrs‘rua
372 4317 447 4392 duo
469 4319 656 4394 continet:
684 4318 941 4395 obedientiam
951 4319 1034 4394 Deo
1056 4345 1164 4420 prce-
