<?xml version="1.0" encoding="UTF-8"?>
<!DOCTYPE html PUBLIC "-//W3C//DTD XHTML 1.0 Transitional//EN"
    "http://www.w3.org/TR/xhtml1/DTD/xhtml1-transitional.dtd">
<html xmlns="http://www.w3.org/1999/xhtml" xml:lang="en" lang="en">
 <head>
  <title>
</title>
<meta http-equiv="Content-Type" content="text/html;charset=utf-8" />
  <meta name='ocr-system' content='tesseract 3.04.00' />
  <meta name='ocr-capabilities' content='ocr_page ocr_carea ocr_par ocr_line ocrx_word'/>
</head>
<body>
  <div class='ocr_page' id='page_1' title='image "./thomhobbesmalme09hobbgoog_0170.png"; bbox 0 0 2912 4912; ppageno 0'>
   <div class='ocr_carea' id='block_1_1' title="bbox 414 411 1042 472">
    <p class='ocr_par' dir='ltr' id='par_1_1' title="bbox 414 411 1042 472">
     <span class='ocr_line' id='line_1_1' title="bbox 414 411 1042 472; baseline 0.016 -10"><span class='ocrx_word' id='word_1_1' title='bbox 414 411 661 468; x_wconf 76' lang='lat' dir='ltr'>PER-ERUDITO</span> <span class='ocrx_word' id='word_1_2' title='bbox 678 415 722 467; x_wconf 76' lang='lat' dir='ltr'>Ac</span> <span class='ocrx_word' id='word_1_3' title='bbox 739 416 938 471; x_wconf 74' lang='lat' dir='ltr'>rna-sulco</span> <span class='ocrx_word' id='word_1_4' title='bbox 955 419 1042 472; x_wconf 75' lang='lat' dir='ltr'>vnto</span> 
     </span>
    </p>
   </div>
   <div class='ocr_carea' id='block_1_2' title="bbox 338 547 1115 796">
    <p class='ocr_par' dir='ltr' id='par_1_2' title="bbox 338 547 1115 796">
     <span class='ocr_line' id='line_1_2' title="bbox 338 547 1115 654; baseline 0.013 -23"><span class='ocrx_word' id='word_1_5' title='bbox 338 547 678 636; x_wconf 88' lang='lat' dir='ltr'>SAMUELI</span> <span class='ocrx_word' id='word_1_6' title='bbox 724 551 1115 654; x_wconf 87' lang='lat' dir='ltr'>SORBERIO,</span> 
     </span>
     <span class='ocr_line' id='line_1_3' title="bbox 444 717 1015 796; baseline 0.009 -4"><span class='ocrx_word' id='word_1_7' title='bbox 444 717 633 792; x_wconf 85' lang='lat' dir='ltr'>PETRUS</span> <span class='ocrx_word' id='word_1_8' title='bbox 658 717 948 796; x_wconf 83' lang='lat' dir='ltr'>GASSENDUS</span> <span class='ocrx_word' id='word_1_9' title='bbox 976 723 1015 796; x_wconf 89' lang='lat' dir='ltr'>S.</span> 
     </span>
    </p>
   </div>
   <div class='ocr_carea' id='block_1_3' title="bbox 147 1025 1294 4270">
    <p class='ocr_par' dir='ltr' id='par_1_3' title="bbox 147 1025 1294 4270">
     <span class='ocr_line' id='line_1_4' title="bbox 155 1025 1292 1124; baseline 0.007 -21"><span class='ocrx_word' id='word_1_10' title='bbox 155 1027 285 1103; x_wconf 72' lang='lat' dir='ltr'>(loon</span> <span class='ocrx_word' id='word_1_11' title='bbox 316 1025 524 1124; x_wconf 86' lang='lat' dir='ltr'>epistolium</span> <span class='ocrx_word' id='word_1_12' title='bbox 560 1029 608 1102; x_wconf 90' lang='lat' dir='ltr'>ad</span> <span class='ocrx_word' id='word_1_13' title='bbox 646 1051 707 1102; x_wconf 89' lang='lat' dir='ltr'>me</span> <span class='ocrx_word' id='word_1_14' title='bbox 740 1027 869 1106; x_wconf 86' lang='lat' dir='ltr'>Culeto</span> <span class='ocrx_word' id='word_1_15' title='bbox 894 1031 978 1107; x_wconf 87' lang='lat' dir='ltr'>vela</span> <span class='ocrx_word' id='word_1_16' title='bbox 1008 1055 1095 1109; x_wconf 85' lang='lat' dir='ltr'>mox</span> <span class='ocrx_word' id='word_1_17' title='bbox 1127 1033 1292 1110; x_wconf 83' lang='lat' dir='ltr'>facturus</span> 
     </span>
     <span class='ocr_line' id='line_1_5' title="bbox 153 1143 1292 1249; baseline 0.008 -32"><span class='ocrx_word' id='word_1_18' title='bbox 153 1143 303 1234; x_wconf 89' lang='lat' dir='ltr'>dedisti,</span> <span class='ocrx_word' id='word_1_19' title='bbox 333 1144 470 1241; x_wconf 89' lang='lat' dir='ltr'>accepi.</span> <span class='ocrx_word' id='word_1_20' title='bbox 522 1145 625 1219; x_wconf 92' lang='lat' dir='ltr'>Nihil</span> <span class='ocrx_word' id='word_1_21' title='bbox 647 1170 739 1243; x_wconf 90' lang='lat' dir='ltr'>opus</span> <span class='ocrx_word' id='word_1_22' title='bbox 773 1145 844 1222; x_wconf 84' lang='lat' dir='ltr'>fuit</span> <span class='ocrx_word' id='word_1_23' title='bbox 869 1171 1055 1242; x_wconf 83' lang='lat' dir='ltr'>excusare,</span> <span class='ocrx_word' id='word_1_24' title='bbox 1083 1151 1184 1249; x_wconf 93' lang='lat' dir='ltr'>quod</span> <span class='ocrx_word' id='word_1_25' title='bbox 1211 1151 1292 1228; x_wconf 84' lang='lat' dir='ltr'>vele</span> 
     </span>
     <span class='ocr_line' id='line_1_6' title="bbox 154 1261 1293 1360; baseline 0.01 -27"><span class='ocrx_word' id='word_1_26' title='bbox 154 1285 283 1335; x_wconf 88' lang='lat' dir='ltr'>coram</span> <span class='ocrx_word' id='word_1_27' title='bbox 301 1285 378 1334; x_wconf 96' lang='lat' dir='ltr'>non</span> <span class='ocrx_word' id='word_1_28' title='bbox 395 1261 529 1336; x_wconf 88' lang='lat' dir='ltr'>dixeris</span> <span class='ocrx_word' id='word_1_29' title='bbox 543 1287 552 1347; x_wconf 77' lang='grc' dir='ltr'>ς</span> <span class='ocrx_word' id='word_1_30' title='bbox 579 1286 664 1336; x_wconf 85' lang='lat' dir='ltr'>nam</span> <span class='ocrx_word' id='word_1_31' title='bbox 680 1263 877 1360; x_wconf 75' lang='lat' dir='ltr'>praeclarus</span> <span class='ocrx_word' id='word_1_32' title='bbox 894 1275 1019 1340; x_wconf 85' lang='lat' dir='ltr'>noster</span> <span class='ocrx_word' id='word_1_33' title='bbox 1032 1267 1224 1343; x_wconf 73' lang='lat' dir='ltr'>Marcellus</span> <span class='ocrx_word' id='word_1_34' title='bbox 1235 1279 1293 1344; x_wconf 93' lang='lat' dir='ltr'>sat</span> 
     </span>
     <span class='ocr_line' id='line_1_7' title="bbox 154 1377 1293 1477; baseline 0.008 -26"><span class='ocrx_word' id='word_1_35' title='bbox 154 1377 369 1468; x_wconf 82' lang='lat' dir='ltr'><strong>declaravit,</strong></span> <span class='ocrx_word' id='word_1_36' title='bbox 387 1402 497 1474; x_wconf 91' lang='lat' dir='ltr'>quam</span> <span class='ocrx_word' id='word_1_37' title='bbox 509 1377 707 1475; x_wconf 87' lang='lat' dir='ltr'>improvisa</span> <span class='ocrx_word' id='word_1_38' title='bbox 722 1379 935 1454; x_wconf 89' lang='lat' dir='ltr'>discedendi</span> <span class='ocrx_word' id='word_1_39' title='bbox 951 1383 1096 1459; x_wconf 79' lang='lat' dir='ltr'><strong>occasio</strong></span> <span class='ocrx_word' id='word_1_40' title='bbox 1117 1383 1239 1477; x_wconf 79' lang='lat' dir='ltr'>fuerit,</span> <span class='ocrx_word' id='word_1_41' title='bbox 1253 1395 1293 1460; x_wconf 87' lang='lat' dir='ltr'>et</span> 
     </span>
     <span class='ocr_line' id='line_1_8' title="bbox 155 1493 1291 1595; baseline 0.008 -29"><span class='ocrx_word' id='word_1_42' title='bbox 155 1517 268 1590; x_wconf 88' lang='lat' dir='ltr'>quam</span> <span class='ocrx_word' id='word_1_43' title='bbox 290 1493 501 1588; x_wconf 84' lang='lat' dir='ltr'>requisieris</span> <span class='ocrx_word' id='word_1_44' title='bbox 529 1517 589 1568; x_wconf 94' lang='lat' dir='ltr'>me</span> <span class='ocrx_word' id='word_1_45' title='bbox 623 1505 759 1586; x_wconf 88' lang='lat' dir='ltr'>tamen,</span> <span class='ocrx_word' id='word_1_46' title='bbox 776 1505 976 1595; x_wconf 87' lang='lat' dir='ltr'>utcumque</span> <span class='ocrx_word' id='word_1_47' title='bbox 1006 1523 1082 1574; x_wconf 90' lang='lat' dir='ltr'>non</span> <span class='ocrx_word' id='word_1_48' title='bbox 1111 1500 1291 1576; x_wconf 75' lang='lat' dir='ltr'>adfuerim</span> 
     </span>
     <span class='ocr_line' id='line_1_9' title="bbox 154 1607 1291 1708; baseline 0.008 -25"><span class='ocrx_word' id='word_1_49' title='bbox 154 1609 268 1684; x_wconf 92' lang='lat' dir='ltr'>domi.</span> <span class='ocrx_word' id='word_1_50' title='bbox 322 1609 433 1685; x_wconf 80' lang='lat' dir='ltr'>Quod</span> <span class='ocrx_word' id='word_1_51' title='bbox 454 1607 559 1684; x_wconf 89' lang='lat' dir='ltr'>addis</span> <span class='ocrx_word' id='word_1_52' title='bbox 582 1621 718 1699; x_wconf 90' lang='lat' dir='ltr'>autem,</span> <span class='ocrx_word' id='word_1_53' title='bbox 742 1613 905 1708; x_wconf 89' lang='lat' dir='ltr'>potuisse</span> <span class='ocrx_word' id='word_1_54' title='bbox 923 1623 960 1687; x_wconf 92' lang='lat' dir='ltr'>te</span> <span class='ocrx_word' id='word_1_55' title='bbox 988 1623 1075 1689; x_wconf 88' lang='lat' dir='ltr'>ante</span> <span class='ocrx_word' id='word_1_56' title='bbox 1091 1613 1291 1691; x_wconf 82' lang='lat' dir='ltr'>discessum</span> 
     </span>
     <span class='ocr_line' id='line_1_10' title="bbox 153 1727 1290 1831; baseline 0.006 -29"><span class='ocrx_word' id='word_1_57' title='bbox 153 1737 375 1824; x_wconf 85' lang='lat' dir='ltr'>extorquere</span> <span class='ocrx_word' id='word_1_58' title='bbox 400 1727 448 1802; x_wconf 88' lang='lat' dir='ltr'>ab</span> <span class='ocrx_word' id='word_1_59' title='bbox 473 1729 606 1803; x_wconf 84' lang='lat' dir='ltr'>eximio</span> <span class='ocrx_word' id='word_1_60' title='bbox 632 1729 695 1804; x_wconf 92' lang='lat' dir='ltr'>illo</span> <span class='ocrx_word' id='word_1_61' title='bbox 720 1730 890 1804; x_wconf 82' lang='lat' dir='ltr'>Honmo</span> <span class='ocrx_word' id='word_1_62' title='bbox 918 1730 956 1804; x_wconf 94' lang='lat' dir='ltr'>id</span> <span class='ocrx_word' id='word_1_63' title='bbox 984 1734 1189 1831; x_wconf 90' lang='lat' dir='ltr'>exemplum</span> <span class='ocrx_word' id='word_1_64' title='bbox 1205 1733 1290 1809; x_wconf 85' lang='lat' dir='ltr'>libri</span> 
     </span>
     <span class='ocr_line' id='line_1_11' title="bbox 152 1845 1291 1949; baseline 0.004 -29"><span class='ocrx_word' id='word_1_65' title='bbox 152 1846 200 1920; x_wconf 92' lang='lat' dir='ltr'>de</span> <span class='ocrx_word' id='word_1_66' title='bbox 218 1845 338 1936; x_wconf 84' lang='lat' dir='ltr'>Orvn,</span> <span class='ocrx_word' id='word_1_67' title='bbox 355 1845 416 1920; x_wconf 89' lang='lat' dir='ltr'>cui</span> <span class='ocrx_word' id='word_1_68' title='bbox 427 1846 506 1942; x_wconf 88' lang='lat' dir='ltr'>ipse</span> <span class='ocrx_word' id='word_1_69' title='bbox 522 1869 633 1922; x_wconf 89' lang='lat' dir='ltr'>manu</span> <span class='ocrx_word' id='word_1_70' title='bbox 642 1846 791 1945; x_wconf 91' lang='lat' dir='ltr'>propria</span> <span class='ocrx_word' id='word_1_71' title='bbox 807 1847 1038 1945; x_wconf 84' lang='lat' dir='ltr'>marginaleis</span> <span class='ocrx_word' id='word_1_72' title='bbox 1055 1861 1163 1924; x_wconf 83' lang='lat' dir='ltr'>notas</span> <span class='ocrx_word' id='word_1_73' title='bbox 1179 1873 1291 1949; x_wconf 87' lang='lat' dir='ltr'>appo·</span> 
     </span>
     <span class='ocr_line' id='line_1_12' title="bbox 153 1961 1289 2064; baseline 0.002 -24"><span class='ocrx_word' id='word_1_74' title='bbox 153 1961 304 2060; x_wconf 50' lang='lat' dir='ltr'>ruitque</span> <span class='ocrx_word' id='word_1_75' title='bbox 320 1987 405 2038; x_wconf 89' lang='lat' dir='ltr'>cum</span> <span class='ocrx_word' id='word_1_76' title='bbox 417 1962 550 2054; x_wconf 92' lang='lat' dir='ltr'>isthuc,</span> <span class='ocrx_word' id='word_1_77' title='bbox 567 1964 631 2037; x_wconf 92' lang='lat' dir='ltr'>ubi</span> <span class='ocrx_word' id='word_1_78' title='bbox 643 1975 807 2038; x_wconf 83' lang='lat' dir='ltr'>tevoveo</span> <span class='ocrx_word' id='word_1_79' title='bbox 824 1964 1056 2058; x_wconf 92' lang='lat' dir='ltr'>incolumem,</span> <span class='ocrx_word' id='word_1_80' title='bbox 1067 1967 1289 2064; x_wconf 85' lang='lat' dir='ltr'>perveneris,</span> 
     </span>
     <span class='ocr_line' id='line_1_13' title="bbox 152 2079 1290 2182; baseline 0.004 -26"><span class='ocrx_word' id='word_1_81' title='bbox 152 2079 365 2182; x_wconf 73' lang='lat' dir='ltr'>ediiterato</span> <span class='ocrx_word' id='word_1_82' title='bbox 377 2104 564 2178; x_wconf 88' lang='lat' dir='ltr'>procures,</span> <span class='ocrx_word' id='word_1_83' title='bbox 575 2080 614 2155; x_wconf 96' lang='lat' dir='ltr'>id</span> <span class='ocrx_word' id='word_1_84' title='bbox 625 2105 855 2179; x_wconf 88' lang='lat' dir='ltr'>summopere</span> <span class='ocrx_word' id='word_1_85' title='bbox 870 2082 1077 2158; x_wconf 78' lang='lat' dir='ltr'>delectavit.</span> <span class='ocrx_word' id='word_1_86' title='bbox 1109 2083 1290 2160; x_wconf 85' lang='lat' dir='ltr'>Videlicet</span> 
     </span>
     <span class='ocr_line' id='line_1_14' title="bbox 150 2196 1289 2295; baseline 0.004 -24"><span class='ocrx_word' id='word_1_87' title='bbox 150 2209 230 2294; x_wconf 89' lang='lat' dir='ltr'>tam</span> <span class='ocrx_word' id='word_1_88' title='bbox 246 2221 366 2294; x_wconf 85' lang='lat' dir='ltr'>pauca</span> <span class='ocrx_word' id='word_1_89' title='bbox 380 2197 484 2271; x_wconf 87' lang='lat' dir='ltr'>fuere</span> <span class='ocrx_word' id='word_1_90' title='bbox 496 2221 632 2271; x_wconf 87' lang='lat' dir='ltr'>excusa</span> <span class='ocrx_word' id='word_1_91' title='bbox 644 2196 730 2271; x_wconf 90' lang='lat' dir='ltr'>libri</span> <span class='ocrx_word' id='word_1_92' title='bbox 743 2198 977 2295; x_wconf 82' lang='lat' dir='ltr'>exemplaria,</span> <span class='ocrx_word' id='word_1_93' title='bbox 991 2211 1034 2274; x_wconf 90' lang='lat' dir='ltr'>ut</span> <span class='ocrx_word' id='word_1_94' title='bbox 1047 2199 1110 2274; x_wconf 87' lang='lat' dir='ltr'>ille</span> <span class='ocrx_word' id='word_1_95' title='bbox 1122 2200 1180 2274; x_wconf 87' lang='lat' dir='ltr'>sui</span> <span class='ocrx_word' id='word_1_96' title='bbox 1190 2201 1289 2276; x_wconf 89' lang='lat' dir='ltr'>sitim</span> 
     </span>
     <span class='ocr_line' id='line_1_15' title="bbox 151 2313 1289 2412; baseline 0.003 -23"><span class='ocrx_word' id='word_1_97' title='bbox 151 2313 274 2412; x_wconf 85' lang='lat' dir='ltr'>potius</span> <span class='ocrx_word' id='word_1_98' title='bbox 291 2313 457 2404; x_wconf 86' lang='lat' dir='ltr'>fecerint,</span> <span class='ocrx_word' id='word_1_99' title='bbox 476 2337 585 2410; x_wconf 90' lang='lat' dir='ltr'>quam</span> <span class='ocrx_word' id='word_1_100' title='bbox 602 2313 832 2410; x_wconf 87' lang='lat' dir='ltr'>expleverint</span> <span class='ocrx_word' id='word_1_101' title='bbox 847 2346 856 2400; x_wconf 90' lang='lat'><strong>;</strong></span> <span class='ocrx_word' id='word_1_102' title='bbox 883 2316 1063 2412; x_wconf 90' lang='lat' dir='ltr'>siquidem</span> <span class='ocrx_word' id='word_1_103' title='bbox 1080 2317 1289 2394; x_wconf 91' lang='lat' dir='ltr'>innumeros</span> 
     </span>
     <span class='ocr_line' id='line_1_16' title="bbox 151 2430 1282 2531; baseline 0.001 -24"><span class='ocrx_word' id='word_1_104' title='bbox 151 2433 273 2522; x_wconf 88' lang='lat' dir='ltr'>video,</span> <span class='ocrx_word' id='word_1_105' title='bbox 292 2432 355 2529; x_wconf 94' lang='lat' dir='ltr'>qui</span> <span class='ocrx_word' id='word_1_106' title='bbox 372 2432 507 2505; x_wconf 92' lang='lat' dir='ltr'>librum</span> <span class='ocrx_word' id='word_1_107' title='bbox 533 2431 717 2521; x_wconf 84' lang='lat' dir='ltr'>ardenter,</span> <span class='ocrx_word' id='word_1_108' title='bbox 741 2431 808 2504; x_wconf 89' lang='lat' dir='ltr'>sed</span> <span class='ocrx_word' id='word_1_109' title='bbox 832 2430 972 2506; x_wconf 85' lang='lat' dir='ltr'>fmstra</span> <span class='ocrx_word' id='word_1_110' title='bbox 991 2433 1198 2531; x_wconf 85' lang='lat' dir='ltr'>requirant.</span> <span class='ocrx_word' id='word_1_111' title='bbox 1251 2433 1282 2508; x_wconf 87' lang='lat' dir='ltr'><strong>E</strong></span> 
     </span>
     <span class='ocr_line' id='line_1_17' title="bbox 151 2545 1287 2648; baseline 0 -24"><span class='ocrx_word' id='word_1_112' title='bbox 151 2550 246 2624; x_wconf 93' lang='lat' dir='ltr'>liber</span> <span class='ocrx_word' id='word_1_113' title='bbox 269 2560 370 2623; x_wconf 90' lang='lat' dir='ltr'>certe</span> <span class='ocrx_word' id='word_1_114' title='bbox 387 2545 458 2648; x_wconf 74' lang='lat' dir='ltr'>[est</span> <span class='ocrx_word' id='word_1_115' title='bbox 486 2572 562 2623; x_wconf 90' lang='lat' dir='ltr'>non</span> <span class='ocrx_word' id='word_1_116' title='bbox 586 2547 758 2644; x_wconf 85' lang='lat' dir='ltr'>vulgaris,</span> <span class='ocrx_word' id='word_1_117' title='bbox 789 2547 993 2645; x_wconf 86' lang='lat' dir='ltr'>dignusque</span> <span class='ocrx_word' id='word_1_118' title='bbox 1024 2549 1086 2646; x_wconf 94' lang='lat' dir='ltr'>qui</span> <span class='ocrx_word' id='word_1_119' title='bbox 1111 2550 1287 2642; x_wconf 92' lang='lat' dir='ltr'>omnium,</span> 
     </span>
     <span class='ocr_line' id='line_1_18' title="bbox 152 2665 1288 2763; baseline 0.001 -23"><span class='ocrx_word' id='word_1_120' title='bbox 152 2667 216 2763; x_wconf 93' lang='lat' dir='ltr'>qui</span> <span class='ocrx_word' id='word_1_121' title='bbox 233 2665 367 2740; x_wconf 89' lang='lat' dir='ltr'>altiora</span> <span class='ocrx_word' id='word_1_122' title='bbox 393 2665 551 2761; x_wconf 91' lang='lat' dir='ltr'>sapiunt,</span> <span class='ocrx_word' id='word_1_123' title='bbox 568 2665 736 2738; x_wconf 88' lang='lat' dir='ltr'>manibus</span> <span class='ocrx_word' id='word_1_124' title='bbox 761 2675 922 2750; x_wconf 88' lang='lat' dir='ltr'>teratur;</span> <span class='ocrx_word' id='word_1_125' title='bbox 949 2689 1068 2762; x_wconf 90' lang='lat' dir='ltr'>neque</span> <span class='ocrx_word' id='word_1_126' title='bbox 1089 2665 1136 2762; x_wconf 91' lang='lat' dir='ltr'>(si</span> <span class='ocrx_word' id='word_1_127' title='bbox 1153 2665 1217 2740; x_wconf 91' lang='lat' dir='ltr'>illa</span> <span class='ocrx_word' id='word_1_128' title='bbox 1232 2689 1288 2741; x_wconf 89' lang='lat' dir='ltr'>se-</span> 
     </span>
     <span class='ocr_line' id='line_1_19' title="bbox 149 2780 1286 2881; baseline 0.002 -25"><span class='ocrx_word' id='word_1_129' title='bbox 149 2806 322 2881; x_wconf 89' lang='lat' dir='ltr'>posuero,</span> <span class='ocrx_word' id='word_1_130' title='bbox 344 2805 425 2879; x_wconf 85' lang='lat' dir='ltr'>quae</span> <span class='ocrx_word' id='word_1_131' title='bbox 441 2780 667 2878; x_wconf 86' lang='lat' dir='ltr'>religionem,</span> <span class='ocrx_word' id='word_1_132' title='bbox 690 2781 730 2855; x_wconf 91' lang='lat' dir='ltr'>in</span> <span class='ocrx_word' id='word_1_133' title='bbox 748 2805 963 2878; x_wconf 78' lang='lat' dir='ltr'>quesumus</span> <span class='ocrx_word' id='word_1_134' title='bbox 986 2783 1172 2878; x_wconf 71' lang='grc' dir='ltr'>ἑτερόδοξοι,</span> <span class='ocrx_word' id='word_1_135' title='bbox 1190 2783 1286 2858; x_wconf 88' lang='lat' dir='ltr'>adti-</span> 
     </span>
     <span class='ocr_line' id='line_1_20' title="bbox 150 2899 1285 2997; baseline -0.002 -21"><span class='ocrx_word' id='word_1_136' title='bbox 150 2903 257 2996; x_wconf 89' lang='lat' dir='ltr'>neut)</span> <span class='ocrx_word' id='word_1_137' title='bbox 278 2900 494 2997; x_wconf 84' lang='lat' dir='ltr'>scriptorem</span> <span class='ocrx_word' id='word_1_138' title='bbox 519 2921 691 2996; x_wconf 82' lang='lat' dir='ltr'>agnosco,</span> <span class='ocrx_word' id='word_1_139' title='bbox 709 2899 773 2996; x_wconf 92' lang='lat' dir='ltr'>qui</span> <span class='ocrx_word' id='word_1_140' title='bbox 802 2909 1060 2996; x_wconf 74' lang='lat' dir='ltr'>argumentum</span> <span class='ocrx_word' id='word_1_141' title='bbox 1089 2912 1285 2993; x_wconf 79' lang='lat' dir='ltr'>scrutetur,</span> 
     </span>
     <span class='ocr_line' id='line_1_21' title="bbox 149 3019 1284 3118; baseline 0 -22"><span class='ocrx_word' id='word_1_142' title='bbox 149 3043 262 3118; x_wconf 86' lang='lat' dir='ltr'>quam</span> <span class='ocrx_word' id='word_1_143' title='bbox 278 3021 353 3111; x_wconf 91' lang='lat' dir='ltr'>ille,</span> <span class='ocrx_word' id='word_1_144' title='bbox 364 3019 593 3118; x_wconf 81' lang='lat' dir='ltr'>profimdius.</span> <span class='ocrx_word' id='word_1_145' title='bbox 644 3019 796 3094; x_wconf 81' lang='lat' dir='ltr'>Utinam</span> <span class='ocrx_word' id='word_1_146' title='bbox 812 3042 899 3096; x_wconf 86' lang='lat' dir='ltr'>vero</span> <span class='ocrx_word' id='word_1_147' title='bbox 916 3031 1050 3096; x_wconf 85' lang='lat' dir='ltr'>coetera</span> <span class='ocrx_word' id='word_1_148' title='bbox 1061 3021 1184 3113; x_wconf 84' lang='lat' dir='ltr'>etiam,</span> <span class='ocrx_word' id='word_1_149' title='bbox 1202 3043 1284 3118; x_wconf 82' lang='lat' dir='ltr'>quae</span> 
     </span>
     <span class='ocr_line' id='line_1_22' title="bbox 151 3134 1285 3236; baseline 0.001 -23"><span class='ocrx_word' id='word_1_150' title='bbox 151 3139 213 3214; x_wconf 90' lang='lat' dir='ltr'>ille</span> <span class='ocrx_word' id='word_1_151' title='bbox 229 3136 402 3228; x_wconf 87' lang='lat' dir='ltr'>versavit,</span> <span class='ocrx_word' id='word_1_152' title='bbox 421 3134 574 3236; x_wconf 88' lang='lat' dir='ltr'>perinde</span> <span class='ocrx_word' id='word_1_153' title='bbox 598 3135 830 3212; x_wconf 84' lang='lat' dir='ltr'>extorsisses!</span> <span class='ocrx_word' id='word_1_154' title='bbox 882 3137 1029 3236; x_wconf 81' lang='lat' dir='ltr'>Quippe</span> <span class='ocrx_word' id='word_1_155' title='bbox 1056 3149 1095 3214; x_wconf 87' lang='lat' dir='ltr'>et</span> <span class='ocrx_word' id='word_1_156' title='bbox 1121 3161 1169 3213; x_wconf 85' lang='lat' dir='ltr'>ex</span> <span class='ocrx_word' id='word_1_157' title='bbox 1196 3139 1285 3236; x_wconf 89' lang='lat' dir='ltr'>ipsis</span> 
     </span>
     <span class='ocr_line' id='line_1_23' title="bbox 150 3254 1284 3354; baseline -0.002 -22"><span class='ocrx_word' id='word_1_158' title='bbox 150 3256 190 3332; x_wconf 94' lang='lat' dir='ltr'>in</span> <span class='ocrx_word' id='word_1_159' title='bbox 206 3257 328 3331; x_wconf 88' lang='lat' dir='ltr'>lucem</span> <span class='ocrx_word' id='word_1_160' title='bbox 343 3254 496 3352; x_wconf 86' lang='lat' dir='ltr'>prolatis</span> <span class='ocrx_word' id='word_1_161' title='bbox 512 3276 652 3328; x_wconf 89' lang='lat' dir='ltr'>summe</span> <span class='ocrx_word' id='word_1_162' title='bbox 664 3254 811 3328; x_wconf 87' lang='lat' dir='ltr'>beasses</span> <span class='ocrx_word' id='word_1_163' title='bbox 827 3255 1014 3330; x_wconf 86' lang='lat' dir='ltr'>nationem</span> <span class='ocrx_word' id='word_1_164' title='bbox 1031 3267 1149 3330; x_wconf 83' lang='lat' dir='ltr'>totam</span> <span class='ocrx_word' id='word_1_165' title='bbox 1165 3255 1284 3354; x_wconf 92' lang='lat' dir='ltr'>philo-</span> 
     </span>
     <span class='ocr_line' id='line_1_24' title="bbox 151 3369 1283 3472; baseline -0.002 -24"><span class='ocrx_word' id='word_1_166' title='bbox 151 3372 388 3472; x_wconf 87' lang='lat' dir='ltr'>sophantium</span> <span class='ocrx_word' id='word_1_167' title='bbox 411 3370 547 3456; x_wconf 86' lang='lat' dir='ltr'>solide;</span> <span class='ocrx_word' id='word_1_168' title='bbox 572 3394 656 3444; x_wconf 95' lang='lat' dir='ltr'>cum</span> <span class='ocrx_word' id='word_1_169' title='bbox 682 3393 752 3468; x_wconf 86' lang='lat' dir='ltr'>ego</span> <span class='ocrx_word' id='word_1_170' title='bbox 777 3369 924 3468; x_wconf 90' lang='lat' dir='ltr'>quidem</span> <span class='ocrx_word' id='word_1_171' title='bbox 941 3371 1126 3446; x_wconf 89' lang='lat' dir='ltr'>neminem</span> <span class='ocrx_word' id='word_1_172' title='bbox 1150 3371 1283 3466; x_wconf 92' lang='lat' dir='ltr'>norim,</span> 
     </span>
     <span class='ocr_line' id='line_1_25' title="bbox 150 3486 1283 3588; baseline 0.001 -23"><span class='ocrx_word' id='word_1_173' title='bbox 150 3491 214 3588; x_wconf 91' lang='lat' dir='ltr'>qui</span> <span class='ocrx_word' id='word_1_174' title='bbox 231 3491 281 3566; x_wconf 90' lang='lat' dir='ltr'>sit</span> <span class='ocrx_word' id='word_1_175' title='bbox 296 3490 393 3563; x_wconf 88' lang='lat' dir='ltr'>inter</span> <span class='ocrx_word' id='word_1_176' title='bbox 408 3486 740 3586; x_wconf 83' lang='lat' dir='ltr'>philosophandum</span> <span class='ocrx_word' id='word_1_177' title='bbox 757 3488 875 3586; x_wconf 85' lang='lat' dir='ltr'>mugis</span> <span class='ocrx_word' id='word_1_178' title='bbox 891 3513 915 3563; x_wconf 90' lang='lat' dir='ltr'>a</span> <span class='ocrx_word' id='word_1_179' title='bbox 940 3487 1162 3586; x_wconf 74' lang='lat' dir='ltr'>praejudiciis</span> <span class='ocrx_word' id='word_1_180' title='bbox 1178 3489 1283 3582; x_wconf 89' lang='lat' dir='ltr'>liber,</span> 
     </span>
     <span class='ocr_line' id='line_1_26' title="bbox 151 3599 1282 3706; baseline -0.001 -25"><span class='ocrx_word' id='word_1_181' title='bbox 151 3599 286 3706; x_wconf 86' lang='lat' dir='ltr'>quique</span> <span class='ocrx_word' id='word_1_182' title='bbox 296 3606 456 3704; x_wconf 89' lang='lat' dir='ltr'>penitius</span> <span class='ocrx_word' id='word_1_183' title='bbox 469 3602 643 3703; x_wconf 91' lang='lat' dir='ltr'>quicquid</span> <span class='ocrx_word' id='word_1_184' title='bbox 654 3627 777 3679; x_wconf 91' lang='lat' dir='ltr'>rerum</span> <span class='ocrx_word' id='word_1_185' title='bbox 791 3604 1282 3704; x_wconf 86' lang='lat' dir='ltr'>edisseruerit,introspiciat.</span> 
     </span>
     <span class='ocr_line' id='line_1_27' title="bbox 147 3719 1281 3820; baseline -0.001 -21"><span class='ocrx_word' id='word_1_186' title='bbox 147 3721 345 3818; x_wconf 82' lang='lat' dir='ltr'>Enimvero</span> <span class='ocrx_word' id='word_1_187' title='bbox 361 3731 404 3797; x_wconf 93' lang='lat' dir='ltr'>tu</span> <span class='ocrx_word' id='word_1_188' title='bbox 415 3720 535 3798; x_wconf 87' lang='lat' dir='ltr'>virum</span> <span class='ocrx_word' id='word_1_189' title='bbox 552 3721 641 3796; x_wconf 89' lang='lat' dir='ltr'>satis</span> <span class='ocrx_word' id='word_1_190' title='bbox 651 3721 769 3808; x_wconf 85' lang='lat' dir='ltr'>nosti;</span> <span class='ocrx_word' id='word_1_191' title='bbox 794 3721 1002 3820; x_wconf 82' lang='lat' dir='ltr'>frmtraque</span> <span class='ocrx_word' id='word_1_192' title='bbox 1017 3721 1125 3814; x_wconf 84' lang='lat' dir='ltr'>foret,</span> <span class='ocrx_word' id='word_1_193' title='bbox 1143 3724 1173 3798; x_wconf 90' lang='lat' dir='ltr'>si</span> <span class='ocrx_word' id='word_1_194' title='bbox 1191 3719 1281 3820; x_wconf 89' lang='lat' dir='ltr'>quid</span> 
     </span>
     <span class='ocr_line' id='line_1_28' title="bbox 149 3839 1294 3940; baseline -0.001 -23"><span class='ocrx_word' id='word_1_195' title='bbox 149 3853 328 3940; x_wconf 74' lang='lat' dir='ltr'>praeterea</span> <span class='ocrx_word' id='word_1_196' title='bbox 344 3839 384 3915; x_wconf 91' lang='lat' dir='ltr'>in</span> <span class='ocrx_word' id='word_1_197' title='bbox 400 3839 754 3915; x_wconf 88' lang='lat' dir='ltr'>commendationem</span> <span class='ocrx_word' id='word_1_198' title='bbox 770 3841 849 3937; x_wconf 86' lang='lat' dir='ltr'>ejus</span> <span class='ocrx_word' id='word_1_199' title='bbox 861 3839 1071 3915; x_wconf 89' lang='lat' dir='ltr'>adderetur.</span> <span class='ocrx_word' id='word_1_200' title='bbox 1120 3839 1225 3932; x_wconf 87' lang='lat' dir='ltr'>Vale,</span> <span class='ocrx_word' id='word_1_201' title='bbox 1243 3852 1294 3923; x_wconf 88' lang='lat' dir='ltr'>et.</span> 
     </span>
     <span class='ocr_line' id='line_1_29' title="bbox 151 3956 1281 4056; baseline -0.002 -22"><span class='ocrx_word' id='word_1_202' title='bbox 151 3957 463 4056; x_wconf 82' lang='lat' dir='ltr'>amicos-optimos</span> <span class='ocrx_word' id='word_1_203' title='bbox 484 3957 615 4047; x_wconf 82' lang='lat' dir='ltr'>saluta,</span> <span class='ocrx_word' id='word_1_204' title='bbox 625 3956 876 4054; x_wconf 89' lang='lat' dir='ltr'>imprimisque</span> <span class='ocrx_word' id='word_1_205' title='bbox 893 3957 1126 4048; x_wconf 80' lang='lat' dir='ltr'>Gurcellium‚</span> <span class='ocrx_word' id='word_1_206' title='bbox 1142 3957 1281 4032; x_wconf 87' lang='lat' dir='ltr'>Heere-</span> 
     </span>
     <span class='ocr_line' id='line_1_30' title="bbox 151 4067 1279 4172; baseline 0 -22"><span class='ocrx_word' id='word_1_207' title='bbox 151 4075 354 4166; x_wconf 90' lang='lat' dir='ltr'>boordium,</span> <span class='ocrx_word' id='word_1_208' title='bbox 373 4073 562 4166; x_wconf 90' lang='lat' dir='ltr'>Bomium,</span> <span class='ocrx_word' id='word_1_209' title='bbox 575 4083 614 4148; x_wconf 89' lang='lat' dir='ltr'>et</span> <span class='ocrx_word' id='word_1_210' title='bbox 633 4072 735 4148; x_wconf 89' lang='lat' dir='ltr'>alios.</span> <span class='ocrx_word' id='word_1_211' title='bbox 787 4067 932 4148; x_wconf 86' lang='lat' dir='ltr'>Parisiis</span> <span class='ocrx_word' id='word_1_212' title='bbox 949 4073 997 4148; x_wconf 83' lang='lat' dir='ltr'>ir.</span> <span class='ocrx_word' id='word_1_213' title='bbox 1017 4073 1171 4150; x_wconf 84' lang='lat' dir='ltr'>Kalend.</span> <span class='ocrx_word' id='word_1_214' title='bbox 1189 4074 1279 4172; x_wconf 84' lang='lat' dir='ltr'>Mej.</span> 
     </span>
     <span class='ocr_line' id='line_1_31' title="bbox 152 4193 406 4270; baseline -0.016 0"><span class='ocrx_word' id='word_1_215' title='bbox 152 4193 406 4270; x_wconf 82' lang='lat' dir='ltr'>oloIooxnvr.</span> 
     </span>
    </p>
   </div>
   <div class='ocr_carea' id='block_1_4' title="bbox 0 0 1460 4912">
    <p class='ocr_par' dir='ltr' id='par_1_4' title="bbox 0 0 1460 4912">
     <span class='ocr_line' id='line_1_32' title="bbox 0 0 1460 4912; baseline 0 1"><span class='ocrx_word' id='word_1_216' title='bbox 0 0 1460 4912; x_wconf 95' lang='lat' dir='ltr'> </span> 
     </span>
    </p>
   </div>
  </div>
 </body>
</html>
