2834 4912
292 285 361 352 l92
698 299 913 355 mannans.

95 500 193 555 sacr,
207 499 258 552 111.
289 467 397 542 laesos
415 489 495 542 esse
513 467 785 544 existimantes:
813 468 861 544 ad
871 469 988 568 pacis
1005 466 1119 565 igitur
1136 487 1329 541 conserva·

106 578 249 686 „L
290 580 441 672 tionem,
460 581 546 679 quia
572 581 673 657 aliud
688 581 727 656 in
744 583 816 658 hoo
839 607 927 657 casu
954 581 1157 655 remedium
1185 601 1330 677 aequum

292 694 493 791 excogitari
524 719 598 770 non
632 705 766 792 potest,
796 695 1041 770 necessarium
1068 705 1193 768 estut
1221 693 1330 767 ambo

292 807 510 883 dissidentes
536 808 746 883 intertium
772 809 932 906 aliquem
959 807 1204 897 consentiant,
1228 807 1331 902 cujus

291 922 484 998 sententiae
512 921 558 996 de
585 946 626 996 re
651 934 888 998 controversa
910 932 1070 997 staturos
1097 943 1176 996 esse
1197 919 1331 1020 poetis

292 1037 428 1114 metuis
447 1059 485 1110 se
503 1036 678 1134 obligent.
714 1037 838 1133 Atque
862 1037 905 1126 is,
922 1035 961 1110 in
979 1060 1087 1133 quem
1106 1035 1158 1108 sic
1176 1056 1331 1108 consen-

293 1174 373 1224 sum
392 1161 459 1242 est,
477 1150 800 1225 arbitervooatur.
835 1153 901 1225 Est
918 1150 1031 1248 igitur
1047 1149 1138 1246 legis
1155 1145 1332 1222 naturalis

292 1276 519 1362 praeceptum
537 1263 715 1337 decimum
736 1265 918 1362 quintum,
943 1274 1121 1364 oportere
1137 1271 1334 1360 utrumque

293 1376 342 1450 de
371 1377 465 1473 jure
495 1375 595 1450 inter
625 1401 666 1449 ee
702 1377 1004 1475 disceptantium,
1035 1375 1255 1450 submittere
1293 1397 1335 1446 ee

292 1489 456 1587 alicujus
473 1489 581 1564 tertii
598 1489 772 1566 arbitrio.

82 1625 266 1704 masnade
344 1613 404 1680 21.
431 1605 487 1678 Ex
506 1627 549 1678 eo
568 1615 692 1677 autem
711 1603 811 1700 quod
828 1602 977 1676 arbiter
994 1602 1068 1676 sive
1089 1600 1205 1698 judex
1222 1623 1246 1673 a
1264 1599 1334 1673 dis·

82 1693 281 1800 diffidit.
293 1718 525 1817 ceptantibus
544 1716 681 1791 electus
705 1717 753 1791 sit
766 1716 828 1790 ⁴ad
851 1715 1169 1790 determinandam
1188 1724 1334 1788 coutro-

81 1827 219 1866 “um''
227 1833 280 1866 ⁸¹¹⁰·
292 1831 461 1922 versiam,
496 1830 680 1928 colligitur
723 1841 893 1929 oportere
928 1829 1107 1904 arbitrum
1146 1852 1222 1902 non
1259 1851 1335 1902 esse

293 1969 408 2019 unum
426 1968 471 2018 ex
493 1944 580 2040 ipsis
608 1943 908 2041 disceptantibus,
960 1944 1058 2016 Nam
1086 1941 1335 2038 unusquisque

293 2057 527 2156 praesumitur
546 2055 675 2132 bortum
692 2058 760 2132 sibi
777 2057 1006 2147 naturaliter,
1020 2057 1166 2153 juetam
1183 2064 1335 2153 propter

286 2196 425 2271 pacem
448 2181 604 2261 tantum,
622 2180 659 2245 et
681 2195 748 2270 per
771 2171 939 2246 accidens
967 2193 1152 2267 quaerere;
1179 2168 1335 2266 ideoque

293 2309 369 2359 non
398 2309 505 2382 posse
523 2285 772 2382 aequalitatem
788 2285 886 2359 illam
914 2309 937 2358 a
959 2284 1040 2381 lege
1066 2282 1226 2357 naturali
1243 2305 1337 2379 prae-

294 2409 440 2495 ceptam
466 2409 542 2472 tam
569 2411 741 2473 accurate
759 2401 953 2473 observare
971 2420 1092 2494 quam
1105 2396 1247 2470 faceret
1263 2405 1337 2468 ter-

266 2511 377 2586 tius.
430 2511 648 2586 Continetur
678 2511 802 2609 itaque
837 2511 875 2586 in
910 2511 991 2608 lege
1018 2521 1162 2584 naturae
1194 2509 1337 2584 decimo

294 2635 397 2700 sexto
421 2626 515 2716 loco,
555 2625 731 2700 neminem
760 2624 930 2722 judicem
954 2622 1014 2697 rel
1039 2621 1227 2696 arbitrum
1256 2645 1338 2696 erre

294 2737 432 2812 debere
448 2763 523 2812 eece
538 2737 659 2837 ipsius
678 2761 810 2812 cauae.

85 2873 267 2956 nemeaea
346 2859 406 2926 22.
432 2851 487 2924 Ex
523 2848 651 2924 eodem
683 2848 849 2947 sequitur
879 2847 1020 2922 decimo
1052 2847 1210 2944 septimo
1244 2845 1338 2934 loco,

82 2945 284 3052 ffifflffiffi
296 2964 472 3038 nerninem
490 2963 674 3037 arbitrum
691 2987 772 3038 esee
787 2973 974 3062 oportere,
993 2961 1054 3035 cui
1076 2957 1257 3035 commodi
1280 2957 1342 3032 cel

84 3069 285 3187 ffffllgffi
295 3076 433 3176 glorie
463 3101 551 3176 epea
582 3075 713 3175 alique
744 3085 911 3175 apparet
944 3076 1065 3171 major
1100 3098 1147 3148 ec
1176 3071 1339 3148 victoria

84 3213 179 3310 suff
208 3211 277 3244 rur
297 3190 406 3264 urire
416 3191 562 3290 partie,
576 3215 686 3288 quam
704 3188 876 3263 alteriue.
903 3187 1082 3263 Parenim
1095 3187 1193 3262 ratio
1206 3185 1341 3260 militat

80 3279 108 3325 μ
125 3278 145 3310 ¹⁰
169 3277 202 3309 ω’
298 3303 370 3394 hio,
389 3315 498 3400 atquc
515 3303 554 3378 in
571 3302 652 3400 lege
669 3302 912 3400 praecedente.

89 3451 231 3491 mittum
349 3425 409 3492 23.
438 3417 597 3492 Quando
612 3440 700 3492 vero
724 3417 770 3490 de
786 3417 865 3514 ipso
882 3416 981 3490 facto
1000 3414 1251 3491 controversia
1266 3413 1341 3488 ori-

84 3513 262 3623 ffffiv*
300 3543 373 3623 tur,
391 3554 522 3628 nempe
539 3555 587 3606 an
609 3531 749 3604 factum
766 3531 814 3604 sit
830 3553 957 3621 neone,
976 3530 1077 3626 quod
1092 3528 1234 3603 lactum
1260 3549 1340 3600 csse

302 3645 449 3737 dicitur,
479 3645 570 3741 legis
601 3644 781 3718 naturalis
796 3657 852 3720 est
868 3643 948 3742 (per
971 3642 1168 3718 articulum
1201 3643 1264 3737 15)
1295 3651 1341 3714 ut

298 3759 435 3834 arbiter
461 3781 565 3855 aeque
592 3757 753 3853 utrique,
770 3757 810 3831 id
836 3770 892 3832 est
922 3757 1025 3853 (quia
1052 3753 1343 3832 contradictoria

299 3871 497 3968 affirmant)
518 3871 639 3946 neutri
662 3870 799 3945 credat.
850 3869 978 3945 Tertio
1006 3869 1131 3967 igitur,
1148 3869 1206 3944 vel
1229 3866 1342 3942 tertio

301 4000 340 4062 et
350 3998 494 4084 quarto,
508 3984 567 4060 vel
579 3984 746 4083 pluribus
758 3983 907 4059 credere
921 3994 1090 4081 oportet:
1110 3992 1152 4057 ut
1170 3980 1215 4056 de
1227 3981 1342 4070 facto,

300 4101 444 4198 quoties
455 4099 535 4174 aliis
546 4098 659 4196 signis
673 4097 758 4172 sciri
771 4120 847 4172 nou
858 4106 991 4194 potest,
1002 4096 1220 4171 sententiam
1232 4093 1341 4168 serat.

301 4215 376 4290 Lex
393 4213 507 4310 igitur
526 4211 669 4286 decima
695 4224 825 4286 octava
841 4209 1019 4286 naturalis
1047 4207 1209 4286 arbitrie
1227 4216 1265 4284 et
1272 4207 1343 4302 ju-
