2876 4908
732 275 917 330 numero.

319 969 365 1022 DE
384 971 611 1024 necessaium
629 971 677 1024 AD
695 975 895 1024 INTROITUM
915 975 952 1026 IN
972 975 1123 1026 REGNUM
1138 977 1334 1030 COELORUM·

304 1101 328 1156 1.
351 1097 501 1174 Proposita
514 1097 666 1158 difficultas
679 1099 714 1158 de
729 1101 919 1176 repugnantia
932 1101 1085 1160 obediendi
1104 1101 1172 1162 Deo
1186 1111 1215 1162 et
1228 1103 1352 1162 homini·

340 1189 401 1260 bus,
410 1189 536 1249 tollenda
545 1209 597 1268 per
606 1191 817 1250 distinctionem
828 1193 902 1250 inter
911 1194 1070 1252 necessaria
1082 1201 1112 1252 et
1122 1212 1180 1254 non
1191 1197 1353 1255 necessaria

339 1281 375 1340 ad
389 1281 518 1340 salutern.
559 1285 587 1342 1.
609 1281 715 1342 Omnia
730 1285 889 1342 neccssaria
906 1285 942 1343 ad
957 1285 1078 1344 sulutem
1092 1288 1234 1346 contineri
1248 1289 1277 1346 in
1292 1287 1351 1346 fide

338 1381 368 1432 et
391 1373 561 1434 obedientia.
602 1379 629 1434 a.
650 1371 750 1440 Qualis
776 1377 812 1434 sit
836 1393 878 1444 sa,
895 1395 960 1453 qum
984 1377 1150 1454 requiritur,
1175 1377 1350 1438 obedientia.

337 1469 367 1526 4.
388 1467 466 1532 Quid
490 1467 527 1526 sit
545 1467 632 1536 lidesr
654 1475 683 1526 et
707 1467 852 1546 quomodo
876 1467 1070 1546 distinguatur
1088 1469 1310 1546 aproiessione,
1333 1489 1351 1530 a

337 1558 464 1628 seientia,
483 1567 512 1618 et
532 1560 569 1619 ab
593 1560 738 1636 opinions.
784 1563 812 1620 5.
835 1560 912 1626 Quid
936 1561 973 1620 sit
995 1559 1112 1620 credere
1136 1561 1166 1620 in
1191 1563 1349 1624 Christum.

336 1653 365 1710 6.
387 1649 513 1710 Unicum
536 1651 696 1720 articulum,
710 1651 810 1712 desnm
825 1669 885 1710 esso
900 1649 1056 1721 Christum,
1077 1655 1268 1712 necessarium
1286 1673 1349 1714 esse

336 1741 373 1798 ad
387 1741 516 1812 salutem,
530 1743 669 1819 probatur
683 1761 718 1800 ex
736 1761 823 1818 scopo
836 1741 1102 1820 Evangelistarum:
1132 1747 1161 1808 7.
1185 1743 1231 1802 Ex
1243 1747 1348 1822 praedi·

336 1833 448 1892 catione
461 1831 686 1910 Apostolorum:
727 1839 753 1894 8.
778 1834 823 1893 Ex
837 1833 972 1894 facilitate
987 1835 1133 1912 religionis
1155 1836 1346 1898 Christianus:

336 1929 364 1986 9.
386 1925 432 1984 Ex
451 1945 485 1985 ao
504 1927 582 2004 quod
602 1927 639 1986 sit
662 1927 883 1987 fundamentum
896 1927 983 1988 fidei:
1025 1931 1070 1988 10.
1092 1926 1139 1986 Ex
1155 1927 1347 1988 disertissimis

336 2017 443 2076 Christi
466 2025 496 2076 et
517 2019 723 2094 Apostolorum
736 2019 839 2078 verbis.
883 2019 1035 2080 11.1neo
1059 2019 1184 2080 articulo
1206 2021 1346 2080 conduori

337 2109 421 2168 iidem
437 2111 548 2170 Veteris
562 2111 747 2170 Testamenti.
789 2115 835 2172 12.
856 2109 943 2170 Fides
963 2120 992 2170 et
1011 2111 1178 2171 obedientia
1200 2112 1346 2190 quomodo
1436 2181 1437 2190 χ

336 2210 508 2261 concurrant
531 2201 567 2260 ad
590 2203 720 2262 salutem.
770 2207 816 2262 18.
845 2203 879 2264 In
904 2205 1018 2264 civitate
1039 2203 1214 2274 Christiana,
1239 2203 1344 2262 nullam

335 2311 396 2352 esse
410 2294 627 2370 repugnantiam
638 2295 713 2352 inter
725 2294 860 2354 mandata
871 2294 928 2354 Dei
942 2302 971 2354 et
985 2295 1117 2354 civitatis.
1161 2299 1208 2357 14.
1229 2295 1345 2354 Doctri-

334 2403 393 2456 nas,
405 2403 470 2462 qum
484 2385 569 2444 hodie
578 2393 830 2445 controvertuntur
843 2386 878 2446 ds
892 2387 1037 2464 religione,
1047 2393 1179 2463 spectare
1194 2387 1344 2466 plerasque

334 2477 428 2556 adjus
441 2478 588 2556 regnandi.

100 2600 264 2654 SECNH·
299 2604 330 2671 1.
358 2599 689 2672 Aucronrrarnnr
723 2619 869 2670 omnem
900 2595 938 2669 in
969 2596 1078 2670 rebus
1108 2595 1343 2670 ancillaribus

110 2677 253 2783 *if-'-
295 2709 453 2785 derivari
481 2711 527 2784 ab
555 2708 775 2784 auctoritate
802 2710 892 2806 ejus,
918 2709 979 2805 qui
1014 2731 1200 2782 summum
1232 2709 1342 2782 habet
1435 2775 1436 2812 ξ

84 2815 199 2876 ¹¹¹⁰l⁰³¹²¹¹
214 2819 267 2864 ‘'ll·
292 2821 505 2920 imperinm,
524 2825 599 2897 sive
617 2822 647 2896 is
665 2847 759 2896 uuus
784 2823 894 2896 homo
918 2823 976 2910 sit,
995 2822 1070 2894 sive
1088 2844 1184 2895 unus
1212 2833 1341 2912 coetus,

83 2881 192 2928 enitendo
206 2897 281 2942 repurg-

82 2935 330 3008 *uuuuu1lv1u1iin
349 2937 516 3012 confesso
533 2959 676 3034 semper
693 2936 776 3010 fuit.
828 2935 992 3010 Eandem
1010 2935 1048 3009 in
1074 2934 1341 3034 spiritualibus

81 3009 280 3136 llhlidll'lli
292 3049 338 3122 ab
356 3053 574 3126 auctoritate
592 3049 758 3124 ecclesie
777 3049 996 3148 dependere,
1016 3073 1060 3123 ex
1083 3048 1253 3144 proxime
1276 3071 1341 3122 an-

81 3139 545 3252 ‘,¹,¹‡¹¹,',¹,⁰,‘,¹.‘,¹2¹‚1',',¹},¹{,¹;teeedentibus
580 3162 814 3236 manifestum
844 3174 922 3248 est;
963 3173 1000 3236 et
1038 3171 1221 3258 praeterea
1256 3163 1338 3244 hoc,

80 3273 255 3381 23¹23ffffill¹¹
290 3274 478 3348 ciuitatem
501 3299 647 3350 omnem
673 3273 926 3348 Christianum
954 3298 1031 3348 esse
1056 3273 1255 3348 ecclesium
1272 3275 1340 3350 hu-

285 3387 447 3484 jusmodi
462 3388 681 3462 auctoritate
698 3387 902 3485 praeditam.
946 3388 1002 3461 Ex
1016 3389 1146 3484 quibus
1165 3387 1339 3486 colligere

290 3501 399 3576 etiam
428 3501 697 3597 quantumlibet
723 3501 871 3596 ingenio
892 3499 1020 3574 tardus
1040 3511 1176 3598 potest,
1191 3501 1232 3576 in
1250 3501 1338 3576 eici-

289 3624 369 3689 tate
386 3613 619 3702 Christiana,
637 3615 708 3689 hoc
726 3627 792 3704 est,
811 3615 849 3688 in
868 3615 1017 3690 civitate
1031 3616 1134 3712 cujus
1152 3637 1337 3690 summum

289 3728 483 3826 imperium
513 3727 626 3801 habet
660 3726 831 3825 princeps
853 3727 912 3802 vel
943 3738 1061 3802 coetus
1092 3727 1336 3815 Christianus,

288 3865 426 3916 ornnem
439 3841 539 3914 uniri
553 3839 620 3914 surh
638 3839 788 3915 Christo
795 3849 1027 3939 potestatem
1042 3851 1118 3915 tum
1130 3841 1336 3914 secularem

289 3979 398 4052 quam
433 3953 672 4052 spiritualem
683 3980 696 4037 ;
732 3952 887 4050 ideoque
915 3953 953 4026 in
984 3952 1153 4027 omnibus
1181 3952 1227 4026 iis
1258 3975 1335 4028 esse
1433 3987 1434 3990 ¹

288 4067 545 4142 obediendum.
598 4067 736 4142 Contra
764 4075 899 4158 autem,
926 4066 1013 4164 quia
1042 4065 1195 4140 obedire
1223 4089 1335 4168 opor-

289 4187 345 4252 tet
362 4181 444 4252 Deo
462 4180 585 4278 mugio
604 4205 714 4280 quoru
732 4179 947 4272 tonitrium,
960 4191 1043 4256 ortu
1059 4189 1114 4256 cst
1125 4177 1333 4268 difficultas,
