2918 4912
220 315 276 365 nn
295 314 403 367 runn
419 313 646 367 pannonum
667 315 714 366 m
735 295 927 380 nrnnno's,
942 311 1031 365 nnc.
1083 297 1155 366 255

101 482 232 554 uiscus
250 481 426 556 Socratis
446 493 568 582 pater
594 492 665 574 ert,
683 505 778 582 ergo
801 491 840 555 et
858 479 1038 572 domium,
1055 491 1159 558 reeta
1187 509 1285 562 secr.
1301 511 1354 564 ιιι.

102 595 202 668 forte
227 595 345 669 illatio
372 605 438 685 est,
457 609 633 671 caeterum
657 621 734 670 non
758 594 1043 683 evidentissima,
1066 595 1158 693 quia
1197 587 1342 695 „L

105 709 277 782 mainus
307 733 383 784 non
425 723 482 784 est
515 712 554 784 in
590 710 803 784 definitione
829 711 994 808 patrie;
1032 709 1159 806 itaque

105 845 201 918 opus
225 832 282 895 est
309 822 358 895 ad
383 823 618 914 evidentiam,
637 834 680 898 ut
702 823 838 922 patrie
857 833 896 897 et
912 822 1053 896 domim
1069 845 1159 898 eon-

104 934 217 1008 nexio
230 935 446 1031 explicetur.
500 937 575 1020 Qui
586 937 771 1012 hactenus
797 935 1001 1010 dominium
1024 937 1160 1035 patris

106 1046 146 1120 in
164 1045 307 1120 liberos
318 1071 481 1122 asserere
494 1049 618 1123 conati
632 1063 731 1140 sunt,
743 1059 1003 1146 argumentum
1016 1048 1160 1122 nullum

105 1160 267 1234 attulere
283 1171 421 1257 praeter
431 1162 715 1261 generationem
729 1193 739 1247 3
758 1161 864 1258 quasi
875 1185 944 1258 per
956 1185 995 1234 se
1009 1159 1160 1234 evidens

105 1273 165 1357 sit,
186 1272 288 1369 quod
316 1297 339 1346 a
364 1298 424 1348 me
451 1275 619 1370 genitum
636 1285 694 1348 est
720 1299 844 1348 meum
861 1296 963 1360 esse3
991 1274 1160 1350 similiter

103 1387 297 1478 facientes,
311 1410 356 1460 ae
373 1387 403 1460 si
422 1387 502 1483 quis
518 1398 637 1484 putet,
655 1389 686 1461 si
703 1386 932 1484 triangulum
949 1387 1009 1477 sit,
1034 1387 1160 1462 statim

104 1523 285 1596 apparere
303 1499 382 1573 sine
400 1500 471 1573 alia
487 1501 770 1574 ratiocinatione
787 1499 943 1598 angulos
970 1501 1049 1595 ejus
1078 1521 1159 1574 esse

104 1613 268 1710 aequales
286 1611 429 1686 duobus
455 1613 579 1686 rectis,
632 1614 826 1702 Praeterea,
843 1636 929 1686 cum
946 1613 1158 1703 dominium,

103 1724 177 1799 hoe
196 1736 253 1800 est
270 1726 466 1823 imperium
484 1751 708 1824 supremum,
725 1726 946 1800 indivisibile
963 1727 1022 1816 sit,
1046 1727 1100 1800 ita
1115 1737 1159 1802 ut

103 1863 217 1912 nemo
239 1838 382 1914 duobus
403 1839 562 1913 dominis
588 1839 726 1914 servire
743 1840 871 1936 possit,
884 1839 933 1914 ad
952 1840 1159 1936 generatio·

103 1963 329 2026 nemautem
343 1952 604 2050 duaepersonae
617 1965 854 2042 concurrant,
872 1977 953 2026 mor
971 1963 1008 2028 et
1021 1953 1157 2051 soemr'-

102 2089 167 2156 aa,
185 2065 413 2162 impossibile
431 2075 547 2140 estut
563 2065 763 2139 dominium
781 2066 1158 2165 omninoaequiratur

102 2179 183 2251 sola
218 2179 470 2274 generatione.
523 2179 649 2255 Quare
684 2179 788 2276 origo
814 2179 969 2254 domimi
995 2179 1158 2280 paterni

102 2290 318 2389 diligentius
335 2291 505 2366 hocloco
523 2292 723 2389 quaerenda
738 2303 806 2366 est.

151 2413 189 2478 2.
216 2403 462 2478 Redeundum
479 2405 596 2501 igitur
613 2415 670 2479 est
696 2405 745 2478 ad
769 2415 908 2480 statum
932 2407 1152 2498 naturalem,
1166 2425 1367 2472 unumunurm

1165 2491 1236 2534 sunta
1255 2493 1304 2550 ejus
1327 2497 1367 2545 est,

100 2518 141 2590 in
153 2541 241 2614 quo,
253 2529 408 2615 propter
420 2516 670 2615 aequalitatem
682 2528 972 2609 naturae‚omnes
985 2521 1153 2596 homines
1164 2557 1203 2613 qur
1223 2557 1308 2614 psum
1328 2571 1365 2602 em

100 2641 258 2706 moturae
276 2632 396 2706 aetetis
422 2631 520 2705 inter
537 2655 576 2704 se
593 2633 752 2729 aequales
768 2634 928 2708 habendi
945 2647 1044 2708 sunt.
1096 2635 1153 2708 Ibi
1164 2621 1310 2730 ffim
1326 2635 1368 2666 ⁸¹¹⁸

91 2745 187 2841 jure
203 2753 351 2818 nature
377 2744 496 2819 vietor
512 2745 602 2819 vieti
629 2746 798 2819 dominus
824 2757 903 2833 est3
921 2747 1014 2841 jure
1039 2749 1153 2844 igitur

101 2867 250 2931 nature
263 2857 467 2932 dominium
477 2858 640 2955 r'rfforrtir
652 2858 701 2933 ad
711 2883 797 2932 eum
806 2861 967 2956 primurn
978 2862 1152 2957 pertinet,

101 2971 166 3068 qui
181 2971 324 3068 primus
340 2973 380 3045 in
396 2982 581 3069 potestate
598 2995 665 3046 sua
681 2973 802 3069 ipsum
818 2974 943 3050 habet.
979 2975 1154 3050 Manifes-

100 3095 181 3158 tum
198 3094 324 3158 autem
341 3098 398 3159 est
420 3109 500 3158 eum
526 3085 590 3181 qui
615 3086 726 3160 modo
752 3087 937 3179 noscitur,
952 3091 1056 3186 prius
1074 3113 1154 3165 esse

100 3198 139 3272 in
162 3208 349 3294 potestate
370 3199 518 3288 matru's,
538 3223 648 3296 quam
666 3201 882 3298 cujusquam
899 3203 1074 3290 alterius;
1101 3205 1154 3278 ita

100 3312 265 3385 utillum
290 3313 349 3386 vel
366 3312 538 3402 educere,
562 3313 621 3388 vel
648 3337 843 3411 exponere,
861 3339 928 3389 suo
944 3317 1097 3393 arbitrio
1114 3329 1153 3394 et

96 3427 180 3521 jure
198 3426 325 3522 possit.

151 3548 186 3614 3.
216 3539 407 3635 Siquidem
420 3563 510 3637 ergo
524 3540 668 3632 educet,
680 3542 856 3638 quoniam
872 3554 991 3617 status
1007 3555 1151 3618 naturae
1165 3569 1294 3614 nmmum
1304 3571 1329 3614 n

101 3663 219 3726 status
252 3653 339 3726 belli
366 3663 434 3741 est,
462 3677 507 3726 ea
534 3653 617 3751 lege
647 3655 806 3729 educare
838 3657 1069 3754 intelligitur,
1101 3634 1364 3746 neffifflss

100 3765 248 3839 adultus
273 3766 392 3840 hostis
409 3768 486 3854 fiet,
503 3766 576 3840 hoc
593 3777 661 3856 est,
680 3791 724 3841 ea
743 3769 826 3866 lege
844 3783 886 3843 ut
902 3771 972 3867 ipsi
989 3769 1149 3846 obediat.

102 3880 198 3953 Cum
224 3880 324 3954 enim
351 3879 570 3955 necessitate
596 3882 757 3954 naturali
779 3882 933 3956 aelianus
960 3907 1086 3957 omnes
1111 3885 1150 3958 id

101 3993 201 4089 quod
228 3992 509 4091 uobismetipsis
536 4004 691 4090 apparet
715 3994 871 4079 bonum
897 3995 1052 4094 intelligi
1073 4021 1150 4072 non

99 4117 232 4202 potest,
259 4130 481 4203 quemquam
509 4108 563 4181 ita
589 4109 706 4183 vitam
736 4109 880 4183 dedisse
905 4112 1089 4209 cuiquem,
1106 4125 1151 4187 ut

100 4221 218 4316 possit
233 4220 342 4294 simul
359 4231 396 4294 et
412 4221 508 4295 vires
527 4233 636 4297 aetate
654 4223 856 4318 acquirere,
875 4236 913 4297 et
931 4226 1015 4320 jure
1032 4227 1149 4300 hostis
