2918 4912
300 277 354 327 on
376 277 555 342 nnornus
576 273 755 330 narona
775 278 987 338 astionis,
1099 265 1168 332 183

119 441 323 516 admodum
340 443 438 518 enim
451 443 495 532 is,
508 443 572 540 qni
586 444 812 542 argumentis
829 443 975 540 cogitur
990 441 1039 517 ad
1055 465 1168 538 nega·
1197 479 1296 534 sne-s,
1312 479 1363 531 nr.

119 558 262 632 tionem
279 558 490 630 assertionis
514 581 624 654 quam
647 558 749 654 prius
773 558 1010 644 sustinuerat,
1033 555 1169 630 dicitnr
1210 557 1352 662 *L

118 671 240 768 redigi
254 671 304 744 ad
316 669 544 755 absurdum
562 668 692 745 eodem
705 670 817 745 modo
830 672 872 760 is,
887 671 949 768 qui
962 693 1040 767 prae
1056 669 1170 744 animi

118 784 342 882 impotentia
357 783 448 858 facit
463 781 522 858 vel
543 784 684 858 omittit
700 783 751 874 id,
770 784 870 881 quod
893 807 933 858 se
957 808 1033 858 non
1049 783 1169 860 factu-

118 923 203 972 rum
219 899 280 972 vel
296 921 372 971 non
390 896 608 970 omissurum
624 907 740 996 pacto
757 922 824 970 suo
837 911 924 970 ante
937 897 1169 994 promiserat,

119 1011 302 1107 injuriam
315 1009 422 1094 facit;
439 1033 560 1107 neque
573 1010 694 1084 minus
711 1009 750 1082 in
763 1009 1095 1084 contradictionem
1112 1011 1169 1084 in-

119 1124 223 1214 cidit,
242 1148 354 1222 quam
372 1124 490 1221 quiin
514 1125 648 1198 scholis
674 1123 864 1197 reducitur
884 1123 933 1198 ad
956 1124 1167 1198 absurdum.

120 1239 220 1312 Nam
237 1238 403 1312 diturum
418 1238 602 1312 actionem
624 1236 857 1334 paciscendo,
874 1237 955 1312 vult
969 1238 1071 1325 fieri3
1094 1263 1170 1312 non

118 1353 304 1438 facienda
322 1351 403 1426 vult
419 1376 495 1426 non
512 1351 615 1426 fieri:
634 1350 734 1448 qnod
757 1361 814 1424 est
829 1349 923 1425 velle
940 1351 1021 1425 fieri
1038 1361 1077 1426 et
1092 1375 1170 1426 non

117 1466 203 1539 fieri
230 1465 331 1539 idem
348 1465 479 1538 eodem
495 1475 684 1560 tempore:
719 1487 801 1560 quae
827 1464 1075 1539 contradictio
1099 1475 1168 1540 est.

118 1581 188 1654 Est
210 1578 338 1674 itaque
365 1578 519 1673 injurio,
538 1575 760 1650 absurditas
774 1577 944 1674 quaedam
961 1578 999 1652 in
1017 1602 1169 1653 conver-

119 1692 278 1782 satione,
307 1692 403 1764 sicut
432 1689 654 1765 absurditas
678 1690 821 1786 injuria
852 1692 1021 1788 quaedam
1048 1693 1169 1768 estin

118 1804 384 1902 disputatione.

169 1928 208 1992 4.
234 1919 291 1990 Ex
307 1917 366 1990 his
383 1917 560 2013 sequitur,
575 1916 770 2014 injuriam*
788 1918 927 1992 nemini
949 1919 1030 1992 fieri
1047 1943 1167 2018 posse,
1177 1933 1289 2046 iffi

117 2031 191 2104 nisi
209 2030 244 2103 ei
262 2031 412 2128 quicum
428 2030 544 2104 initur
554 2040 723 2129 pactum,
742 2031 818 2105 sive
836 2031 896 2106 cui
912 2031 1050 2129 aliquid
1069 2033 1167 2108 dono
1180 2066 1356 2125 ,amquam

118 2146 251 2220 dutum
261 2155 330 2234 est,
342 2144 400 2218 vel
409 2143 740 2243 cuipuctoaliquid
750 2145 1047 2240 estpromissum.
1062 2146 1169 2222 Ideo-
1181 2131 1338 2176 mmm

118 2282 193 2356 que
223 2257 394 2331 domuum
425 2266 464 2331 et
488 2256 630 2352 injuria
664 2257 863 2352 saepissime
894 2257 1167 2357 disjungrmtur.

118 2373 221 2446 Nam
238 2371 270 2444 si
284 2371 451 2444 dominns
469 2394 587 2460 servo,
605 2370 668 2467 qui
686 2370 935 2446 obedientiam
953 2373 1022 2447 sibi
1037 2385 1168 2471 pactus

118 2497 190 2574 est,
209 2484 367 2581 imperet
379 2494 422 2557 ut
433 2483 626 2581 pecuniam
643 2483 754 2558 tertio
767 2497 949 2576 numeret,
963 2484 1021 2560 vel
1033 2487 1170 2564 benefi-

118 2600 220 2673 cium
232 2599 410 2690 conferat,
416 2598 447 2672 is
459 2599 489 2672 si
499 2622 575 2672 non
583 2598 707 2688 faciat,
713 2599 1169 2697 damnumquidemtertio,

118 2711 591 2809 injuriamautemdomino
602 2712 781 2786 solifacit.
801 2713 861 2787 Sic
875 2715 1169 2810 quoqueincivi-

118 2837 209 2916 tate,
228 2827 261 2900 si
278 2826 359 2922 quis
377 2826 486 2900 alicui
509 2837 652 2917 noceat,
671 2826 821 2923 quicum
843 2826 935 2901 nihil
952 2837 1082 2924 pactus
1099 2841 1167 2920 est,

159 3080 178 3116 ⁸
188 3075 333 3153 lajariam
346 3077 461 3148 sumini,
480 3075 544 3152 da]
567 3074 718 3152 Injustitioe
729 3094 832 3134 nomen
842 3077 985 3154 significat
999 3078 1116 3138 relativa
1129 3081 1168 3140 ad

119 3170 229 3246 legem
242 3169 364 3245 injuriae,
378 3169 485 3227 turned
498 3169 600 3246 legem,
609 3176 670 3227 tum
684 3168 722 3226 ad
732 3186 884 3244 personam
895 3179 1013 3228 certam.
1034 3169 1110 3230 Nem
1124 3171 1168 3230 in·

115 3263 238 3340 justum,
260 3263 393 3320 omnibus
420 3261 557 3340 injustum
581 3268 640 3329 est;
673 3261 777 3338 injuria
803 3279 872 3319 vero
899 3269 1085 3338 potestesse,
1112 3283 1168 3324 nec

120 3363 216 3412 tamen
237 3353 307 3410 mihi
328 3353 373 3412 vel
393 3353 443 3420 illi,
469 3353 597 3412 sedulii:
618 3360 647 3410 et
660 3352 834 3430 quandoque
855 3354 962 3412 nemini
983 3357 1103 3432 privato,
1117 3357 1168 3414 sed

120 3445 231 3503 ciuitati
245 3451 376 3514 tantum
396 3447 482 3504 etiam
498 3463 551 3503 nec
565 3445 674 3502 homini
688 3445 824 3521 cuiquam
847 3463 901 3504 nec
918 3446 1036 3518 civitati,
1050 3448 1102 3506 sed
1114 3447 1168 3506 soli

121 3537 197 3597 Deo.
239 3536 316 3594 Nam
335 3545 421 3613 pacto
435 3546 464 3596 et
475 3537 550 3615 juris
563 3536 749 3596 translatione
762 3537 803 3608 fir,
817 3545 851 3595 ut
864 3538 969 3616 injuria
981 3541 1012 3598 in
1031 3541 1109 3600 hunc
1122 3539 1167 3599 vel

120 3631 201 3688 illum
215 3629 280 3688 fieri
294 3630 415 3688 dicatur.
454 3629 535 3688 Hinc
549 3629 688 3706 estquod
698 3629 728 3686 in
739 3630 817 3687 omni
831 3631 947 3688 civitate
954 3631 1017 3690 fieri
1028 3632 1167 3702 videmus,

122 3742 188 3800 quae
208 3723 314 3798 privati
328 3722 458 3780 homines
479 3723 554 3779 inter
566 3740 597 3780 se
612 3722 700 3779 verbo
714 3721 759 3778 vel
772 3721 879 3797 scripto
893 3725 1076 3793 contrahunt,
1089 3724 1166 3800 exigi

122 3814 166 3872 vel
180 3815 289 3872 remitti
302 3813 421 3871 arbitrio
434 3813 596 3889 obligantis.
617 3811 734 3870 Damna
748 3831 824 3882 vero,
838 3831 904 3890 quae
918 3814 1081 3873 inseruntur
1097 3833 1166 3873 con-

121 3915 166 3964 tra
178 3906 258 3982 leges
271 3905 444 3973 civitatisut
458 3903 575 3974 furtum,
584 3905 772 3963 homicidium
784 3912 815 3964 et
827 3907 938 3972 similia,
947 3925 1005 3964 non
1018 3907 1055 3964 ad
1065 3905 1166 3964 volun·

120 4005 209 4056 tatem
223 3997 285 4073 ejus
306 3997 354 4054 cui
377 3995 513 4054 mannum
534 4004 577 4054 est
596 3995 715 4064 illatum,
729 3997 779 4056 sed
793 3998 912 4056 arbitrio
926 3999 1057 4068 civitatis,
1071 3999 1166 4070 idest,

116 4089 201 4166 juxta
220 4090 300 4167 leges
319 4089 489 4147 constitutus
511 4088 659 4147 vindicari.
698 4089 802 4166 Itaque
828 4089 932 4165 injurio
953 4090 983 4148 in
1004 4091 1090 4164 hunc,
1112 4091 1166 4150 nisi

121 4190 187 4258 post
196 4183 272 4260 juris
286 4183 316 4241 iu
330 4181 407 4240 huno
422 4177 646 4250 translationem,
661 4183 782 4241 existere
796 4201 853 4240 non
867 4189 969 4258 potest
