2864 4924
318 275 365 341 66
707 298 760 350 nu
781 295 961 352 nonium

7 403 9 534 l
126 483 223 535 sacr.
237 485 276 537 11.
318 460 508 554 superficie
542 471 729 561 utcunque
760 466 1023 564 refringantur,
1058 475 1256 562 antequam
1291 487 1347 536 ac-

7 575 8 600 ³
135 563 277 667 ss
318 572 450 645 cedant
468 574 515 646 ad
537 579 766 673 superficiem
792 580 899 652 oculi.
952 579 1050 652 Nam
1075 578 1113 650 in
1139 577 1218 674 ipso
1245 577 1346 650 oculo

316 677 410 758 radii
437 711 574 790 omneS,
605 701 739 786 praeter
766 715 872 764 axem
897 691 1071 788 optinum,
1102 688 1348 785 refringuntur

317 805 385 886 ter,
411 811 454 872 ut
477 824 587 897 supra
610 803 835 876 declaratum
852 815 918 894 est,
945 828 1077 901 nempe
1094 803 1133 877 in
1151 803 1267 876 tribus
1284 803 1348 876 hu-

318 911 492 1002 moribus,
515 939 644 1012 aquen,
663 917 873 1014 crystallino
893 928 930 990 et
947 918 1076 1008 vitreo.

106 1033 267 1143 {331⁰me
368 1033 403 1097 2.
433 1026 471 1099 Si
489 1027 585 1100 linea
608 1042 709 1102 recta
726 1029 975 1126 perspicillum
1003 1026 1349 1126 perpendiculariter

7 1173 8 1176 ¹
104 1163 278 1219 eumantius,
319 1151 428 1232 secet,
447 1143 565 1241 sitque
592 1147 799 1242 superficies
818 1148 895 1243 ejus
911 1172 986 1220 una
1004 1147 1148 1243 quidem
1176 1145 1349 1242 sphaerico

104 1233 308 1368 blilffipss
320 1278 493 1349 convexa,
505 1259 621 1332 altera
631 1285 717 1333 vero
729 1260 786 1333 vel
797 1261 972 1357 sphaerice
986 1285 1150 1334 convexa
1162 1258 1220 1332 vel
1231 1258 1348 1356 plana,

102 1359 307 1468 {fflbffiqg
319 1382 577 1469 sumptumque
595 1375 642 1447 sit
658 1374 696 1447 in
715 1399 758 1447 ea
771 1385 874 1447 recta
885 1385 1063 1471 punctum
1077 1374 1235 1463 radians,
1250 1374 1349 1468 cujus

103 1489 307 1546 P¹¹¹¹⁰l⁰1>⁰¹1r¹¹di
318 1483 452 1574 radius
479 1486 643 1560 incidens
668 1487 707 1559 in
732 1500 910 1584 punctum
933 1488 1121 1585 quodlibet
1147 1485 1350 1582 superficiei

102 1550 306 1692 {didm
318 1596 453 1694 dioptri
470 1599 592 1696 ibique
614 1599 804 1690 refractus
823 1611 921 1673 secet
939 1600 1092 1673 eandem
1110 1611 1250 1672 rectam
1266 1623 1349 1697 pro-

100 1687 225 1739 wm*
318 1710 448 1784 ductus
475 1736 521 1785 ex
551 1713 666 1787 altera
688 1724 794 1809 parte
824 1713 983 1810 dioptri;
1013 1714 1136 1787 radius
1163 1737 1186 1785 a
1211 1725 1349 1809 puncto
1393 1805 1395 1814 A

315 1824 480 1920 quolibet
504 1827 667 1922 ejusdem
683 1840 795 1900 rectae
811 1827 1120 1925 perpendicularis
1142 1825 1348 1916 remotiore,

313 1937 491 2012 refractus
508 1940 546 2012 in
564 1941 694 2014 eodem
719 1954 857 2038 puncto
876 1941 1021 2038 dioptri,
1039 1939 1178 2014 secabit
1196 1938 1349 2012 eandem

313 2052 651 2146 perpendicularem
670 2078 715 2127 ex
739 2054 856 2127 altera
872 2065 977 2151 parte
996 2051 1130 2149 dioptri
1147 2052 1312 2148 propius.

364 2163 560 2260 Dioptrum
583 2166 659 2239 AB
682 2167 735 2260 (in
752 2167 871 2263 figura
886 2167 1016 2264 prima)
1033 2177 1132 2239 secet
1148 2175 1252 2238 recta
1276 2165 1348 2240 OD

196 2325 199 2334 ·
313 2279 662 2375 perpendiculariter
686 2281 725 2353 in
750 2281 780 2353 E
799 2291 834 2353 et
853 2281 892 2370 F,
911 2289 1167 2376 sumptumque
1183 2277 1224 2351 in
1241 2301 1285 2351 ea
1303 2277 1350 2352 sit

312 2401 489 2487 punctum
517 2391 560 2482 G,
592 2417 614 2466 a
641 2417 713 2489 quo
744 2392 868 2466 radius
903 2392 983 2466 GH
1012 2391 1151 2466 incidat
1175 2390 1215 2464 in
1245 2403 1350 2464 ante-

312 2504 447 2579 riorem
472 2507 700 2602 superficiem
724 2506 859 2603 dioptri
876 2506 924 2579 ad
943 2505 979 2579 H
996 2537 1005 2591 ;
1033 2504 1151 2600 sitque
1169 2504 1348 2577 refractus

310 2618 428 2715 primo
439 2620 487 2692 ad
500 2621 529 2711 1,
541 2631 579 2693 et
591 2621 677 2694 inde
691 2620 738 2693 ad
749 2631 928 2717 punctum
940 2620 994 2693 M.
1034 2619 1208 2692 Sumatur
1222 2640 1348 2690 rursus

311 2732 411 2806 aliud
436 2744 614 2829 punctum
632 2733 661 2806 Ο
678 2733 866 2823 remotius,
885 2756 999 2830 aquo
1024 2731 1148 2805 radius
1175 2730 1205 2802 C
1222 2731 1258 2803 H
1291 2755 1348 2804 re-

310 2845 447 2920 fractus
465 2847 513 2920 sit
529 2846 577 2919 ad
594 2847 635 2936 L,
654 2857 691 2919 et
716 2846 801 2919 inde
827 2846 875 2919 ad
898 2846 944 2919 D.
996 2845 1088 2919 Dico
1106 2856 1287 2942 punctum
1314 2845 1347 2917 D

308 2959 459 3058 propius
476 2983 554 3032 esse
572 2958 717 3056 dioptro
736 2983 846 3056 quam
863 2968 1040 3055 punctum
1057 2958 1110 3031 M.

362 3072 545 3146 Quoniam
558 3073 655 3145 enim
673 3071 765 3162 GH,
784 3071 813 3144 C
827 3072 862 3144 H
882 3081 1105 3144 concurrunt
1121 3067 1160 3142 in
1175 3069 1225 3159 H,
1241 3069 1348 3143 cadet

310 3183 466 3259 refracta
495 3185 590 3258 radii
621 3185 700 3280 CH
729 3185 827 3258 inter
857 3184 1051 3257 refractam
1081 3181 1174 3255 radii
1201 3181 1281 3256 GH
1310 3193 1348 3254 et

284 3298 646 3395 'perpendicularem
676 3299 772 3371 CD:
808 3306 1002 3394 propterea
1040 3294 1140 3392 quod
1174 3296 1347 3369 refractio

310 3411 511 3503 amborum,
525 3411 653 3484 tamin
668 3412 812 3508 dioptro
827 3435 936 3506 quam
947 3421 1033 3483 ante
1048 3419 1084 3482 et
1101 3432 1197 3506 pone
1211 3409 1346 3506 ipsum,

309 3523 348 3595 in
380 3524 508 3597 eodem
538 3526 581 3598 fit
610 3525 742 3597 medio.
795 3524 943 3597 Secabit
972 3523 1086 3619 igitur
1115 3521 1239 3596 radius
1269 3523 1345 3596 LD

308 3638 648 3733 perpendicularem
672 3637 748 3711 CD
765 3637 861 3710 inter
879 3638 920 3710 M
939 3648 975 3710 et
993 3638 1032 3710 F.
1085 3634 1238 3731 Propius
1256 3659 1346 3731 ergo

309 3763 365 3823 est
391 3749 535 3847 dioptro
561 3762 741 3847 punctum
757 3752 791 3824 D
810 3774 919 3847 quam
944 3763 1123 3847 punctum
1141 3749 1194 3822 M.
1234 3747 1348 3823 Quod

308 3876 387 3938 erat
403 3865 645 3960 probandum.

357 3978 572 4051 Notandum
598 3989 720 4051 autem
750 3988 817 4065 est,
844 3976 943 4073 quod
970 3976 1001 4049 si
1029 3974 1268 4048 determinata
1292 3973 1348 4046 sit

203 4179 204 4184 Ἰ
306 4091 486 4186 positione
497 4092 762 4181 lineaGHlM‚
777 4099 1033 4186 sumptumque
1044 4088 1097 4160 ita
1107 4087 1154 4160 sit
1164 4097 1347 4184 punctum

307 4204 347 4292 0,
365 4214 407 4276 ut
423 4204 506 4296 EC,
525 4206 604 4279 FM
631 4204 703 4278 sint
721 4203 890 4300 aequaleS,
908 4202 1032 4275 radius
1059 4201 1191 4274 ductus
1208 4226 1231 4274 a
1247 4198 1349 4272 ead

1422 1459 1425 1582 l

1423 1655 1425 1742 r

1422 1853 1425 1948 l

1422 2037 1425 2220 l
