2904 4912
248 308 302 361 ou
323 307 466 361 nuouo
486 307 560 361 our
579 308 659 361 eun
679 308 846 363 encuuru
865 305 1013 361 rurus.
1083 292 1154 358 ³65

110 484 194 564 tace,
206 483 249 548 ut
260 474 1005 574 audiatcumomnissyoagogafilioram
1016 474 1156 550 lsrael.
1186 508 1282 559 snos,
1298 507 1349 560 111.

108 586 189 670 Pro
207 589 288 676 boc,
306 588 455 686 siquid
478 589 665 689 agendum
693 599 762 678 eet,
787 589 958 663 Eleazar
975 589 1157 663 sacerdos
1197 585 1341 690 L

109 702 280 776 consulet
311 701 506 775 dominum.
558 701 626 775 Aa
652 702 801 776 uerbum
829 703 910 798 ejus
936 702 1157 800 egredietur

109 825 149 890 et
177 817 419 915 ingredietur
437 815 534 914 ipse,
560 824 599 888 et
616 840 740 890 omues
754 815 839 912 fila·
857 814 988 889 Israel
1003 841 1083 889 eum
1101 840 1156 890 eo.

109 929 186 1003 Ubi
217 928 410 1003 consulere
434 928 567 1017 Deum,
586 928 769 1026 quioquid
793 929 979 1028 agendam
1006 929 1069 1018 rit,
1086 929 1157 1004 hoe

109 1052 178 1130 est,
202 1040 352 1114 uerbum
381 1039 459 1113 Dei
487 1041 751 1139 interpretari,
782 1051 821 1114 et
846 1040 885 1113 in
912 1041 1060 1114 nomine
1088 1041 1158 1114 Dei

108 1155 292 1252 imperare
303 1155 342 1227 in
353 1153 535 1242 omnibus
544 1154 708 1250 pertinet
717 1154 765 1228 ad
775 1154 1006 1239 Eleazarum
1021 1153 1158 1253 egredi

109 1276 235 1342 autem
253 1277 290 1340 et
309 1267 464 1366 ingredi
482 1267 701 1340 adverbum
725 1269 818 1364 ejus,
835 1268 904 1340 hoe
931 1281 999 1358 est,
1018 1268 1052 1342 ei
1069 1268 1157 1341 obe-

110 1382 202 1471 dire,
221 1381 383 1479 pertinet
413 1380 461 1453 ad
490 1381 642 1454 Josuam
669 1389 706 1453 et
732 1379 780 1454 ad
798 1405 937 1454 ornnem
960 1381 1155 1480 populum.

109 1493 329 1569 Notandum
343 1517 490 1590 quoque
508 1504 575 1584 est,
588 1519 718 1568 vocem
729 1495 841 1583 illam,
850 1503 1006 1592 partem
1016 1493 1157 1593 gloriae

108 1633 197 1695 sace,
216 1617 344 1704 aperte
363 1607 570 1704 significare
586 1631 663 1682 non
680 1609 850 1682 habuisse
866 1609 1018 1681 Josuam
1034 1618 1158 1704 potes-

109 1731 228 1794 tatem
246 1720 425 1816 aequalem
443 1721 489 1810 ei,
501 1744 612 1816 quam
629 1721 810 1795 habuerat
828 1721 964 1794 Moses.
992 1719 1157 1809 Interim,

108 1835 347 1908 manifestum
382 1844 438 1906 est
460 1835 572 1907 etiam
599 1845 766 1930 tempore
793 1836 917 1909 Josuae
939 1843 1159 1930 potestatem

110 1972 293 2022 summam
328 1947 484 2036 civilem,
521 1957 559 2020 et
592 1948 852 2022 auctoritatem
886 1947 1158 2044 interpretandi

108 2063 265 2136 verbum
283 2060 365 2150 Dei,
379 2060 493 2134 fuisse
508 2060 636 2134 ambas
653 2061 693 2133 in
711 2061 839 2134 eadem
853 2083 1022 2160 persona.

167 2184 223 2248 15.
253 2173 341 2247 Post
367 2185 524 2247 mortem
541 2175 664 2248 Josuae
688 2185 891 2272 sequuntur
909 2175 1327 2271 temperato-wem

1131 2288 1139 2303 ·
1167 2247 1259 2299 urucas
1269 2241 1336 2286 tunso

112 2287 238 2362 dicum
256 2311 372 2382 usque
399 2287 447 2360 ad
466 2286 613 2360 Saulem
641 2311 788 2384 regem
815 2289 855 2360 in
883 2287 1015 2384 quibus
1042 2311 1159 2360 mam·
1172 2309 1372 2350 unummomr-

111 2403 250 2474 festum
270 2413 326 2474 est
344 2401 406 2498 jus
425 2401 531 2496 regni
556 2425 578 2474 a
595 2401 676 2475 Deo
694 2401 856 2475 instituti
873 2401 1050 2476 mansisse
1063 2401 1162 2497 apud
1172 2371 1347 2494 iidedffl

111 2515 360 2588 sacerdotem.
412 2514 504 2587 Erat
531 2514 628 2588 enim
646 2539 802 2613 regnum
832 2539 879 2587 ex
905 2525 1014 2610 paeto
1032 2538 1161 2588 sucer-

112 2627 255 2718 dotale,
273 2628 311 2701 id
330 2638 396 2717 est,
423 2651 580 2724 regnum
598 2629 667 2702 Dei
684 2653 752 2727 per
770 2629 1022 2702 sacerdotem:
1050 2639 1160 2724 atque

111 2739 186 2814 tale
214 2763 295 2814 esse
325 2741 464 2832 debuit,
482 2765 599 2838 usque
630 2742 719 2815 dum
745 2741 865 2816 forma
890 2743 953 2816 illa
976 2767 998 2816 a
1022 2742 1160 2839 populo

111 2853 205 2950 ipso,
234 2855 489 2928 consentiente
521 2855 613 2945 Deo,
631 2867 862 2928 mutaretur:
889 2856 928 2928 id
955 2856 1056 2952 quod
1085 2880 1160 2930 uon

113 2968 334 3042 estfactum
367 2979 568 3064 antequam
601 2968 814 3067 petentibus
852 2993 978 3065 regem
1004 2993 1181 3056 eonsen-¹

113 3081 221 3155 sisset
245 3082 357 3168 Deus,
381 3081 607 3180 dixissetque
634 3083 796 3157 Samueli
818 3083 852 3176 (l
877 3084 974 3157 Sam.
999 3081 1074 3157 viii.
1094 3082 1159 3176 7):

112 3193 218 3270 Audi
239 3195 423 3293 populum
452 3195 490 3268 in
513 3195 691 3285 omnibus,
715 3221 799 3295 quoe
830 3195 1032 3294 loquuntur
1063 3195 1133 3269 tibi
1147 3223 1160 3268 .·

113 3333 184 3382 aon
202 3307 299 3381 enim
326 3318 375 3398 te,
392 3309 465 3382 red
483 3333 540 3382 me
557 3309 787 3405 abjecerunt,
806 3335 852 3382 ae
869 3332 1163 3408 ragnebertam

112 3446 189 3496 eos.
217 3421 382 3495 Potestas
399 3423 525 3519 itaque
544 3423 660 3497 civilis
682 3447 825 3497 summa
845 3423 1049 3500 debebatur
1057 3424 1162 3518 jure,

113 3559 158 3608 ex
176 3535 411 3608 institutione
429 3536 510 3626 Dei,
525 3535 709 3610 sacerdoti
720 3560 874 3611 summo,
902 3535 1022 3610 Facto
1039 3545 1163 3611 autem

111 3661 279 3745 potestas
297 3648 360 3722 illa
384 3649 423 3721 in
440 3648 630 3746 prophetis
646 3660 736 3740 erat,
750 3650 894 3746 quibus,
909 3673 931 3722 a
944 3651 1024 3723 Deo
1042 3660 1163 3723 extra-

113 3762 301 3836 ordinarie
336 3763 533 3853 suscitatis,
555 3763 753 3854 .Israelitae,
785 3789 875 3861 gens
897 3765 1163 3860 prophetarum

114 3875 235 3965 ovida,
252 3885 406 3972 propter
419 3874 727 3951 existimationem
744 3877 949 3976 prophetiae
966 3887 1163 3974 protegen-

114 3988 180 4062 dos‘
198 4013 237 4062 se
255 4000 293 4062 et
312 3989 533 4085 judicandos
557 3990 804 4086 subjecerunt.
858 3991 966 4065 Retio
982 3990 1091 4085 hujus
1109 3989 1164 4064 rei

114 4115 207 4192 erat,
226 4102 327 4197 quod
348 4102 581 4178 institutione
604 4104 709 4200 regni
727 4103 797 4178 Dei
824 4103 1082 4193 sacerdotalis*
1094 4104 1163 4177 etsi

113 4238 235 4311 poeuae
247 4224 398 4292 statutae
411 4215 551 4291 fuerint
562 4227 601 4291 et
611 4217 849 4313 magistratus
860 4216 923 4314 qui
939 4216 1161 4314 judicarent,
