2896 4914
283 308 337 360 nn
358 305 553 359 moratus
574 303 833 371 nummaria,
855 303 943 356 nnc.
1089 289 1130 356 81

94 475 160 548 11<
177 505 186 558 ;
213 486 449 550 removeatur
472 457 562 572 argo
579 473 626 546 ad
644 473 694 564 Χ,
712 473 766 546 ita
782 481 825 546 ut
851 483 1019 546 centrum
1044 473 1136 570 ejus,
1173 507 1269 560 ποτ,
1287 511 1324 562 11,

93 588 194 682 quod
210 599 298 661 anta
328 597 408 662 arat
434 587 473 660 in
490 587 535 676 0,
553 609 653 660 nuno
679 586 728 658 sit
757 585 796 658 in
814 584 866 668 Z;
893 597 1137 680 occurrotque
1176 585 1320 696 νζ,

92 701 176 774 ΤΧ
194 702 344 798 dioptro
363 701 416 774 sie
441 710 583 774 remoto
604 699 642 772 in
660 699 709 772 X.
766 699 931 797 Angulua
948 699 1063 796 igitur
1080 699 1138 772 in·
1151 733 1311 791 nomano

93 814 306 889 clinationis
324 813 418 890 radii
434 814 512 889 ΤΧ
536 826 593 886 ast
617 813 692 886 ZX
706 813 749 902 Τ,
767 815 886 910 major
903 837 1014 910 quam
1032 798 1351 923 OGlfffflffl

91 929 251 1025 angulus
285 926 533 1002 inclinationis
567 925 662 1000 radii
691 925 757 1000 IG.
822 925 947 1002 Quare
981 927 1138 1024 ungulus

91 1042 274 1116 refractum
299 1039 393 1114 radii
422 1039 501 1114 ΤΧ
520 1040 638 1136 maj0r
664 1051 722 1114 est
757 1061 868 1136 quam
898 1040 1053 1136 angulus
1081 1063 1139 1112 ra-

90 1155 231 1229 fraotus
248 1153 343 1228 radii
361 1153 444 1238 IG;
471 1151 596 1249 itaque
606 1153 725 1249 major
741 1151 927 1238 refractio,
945 1151 1141 1249 quaefacta

92 1267 230 1342 eratin
257 1266 406 1363 dioptro
435 1265 588 1340 minoris
604 1264 758 1361 sphaerae
772 1289 951 1338 ·oonoavo
978 1265 1015 1340 in
1033 1277 1140 1364 parta

91 1381 137 1454 ab
167 1403 237 1454 axa
264 1403 405 1467 averso,
437 1388 696 1476 compensatur
725 1377 764 1451 in
799 1377 947 1474 dioptro
975 1403 1140 1454 convexo

92 1503 237 1567 remoto
255 1516 324 1590 per
335 1493 512 1589 majoram
522 1491 781 1566 refractionem
798 1515 925 1566 versus
942 1516 1060 1567 axem.
1101 1493 1141 1568 Si

91 1605 210 1704 igitur
244 1605 418 1680 distantia
448 1605 605 1680 duorum
635 1604 866 1702 dioptrorum
879 1607 982 1704 justa
997 1607 1075 1694 fiat,
1102 1606 1141 1680 id

92 1719 195 1816 quod
222 1717 447 1815 experiendo
472 1717 581 1792 facila
604 1718 659 1806 fit,
677 1717 802 1792 radius
818 1718 897 1792 ΤΧ
919 1717 1142 1816 refringatur

93 1832 140 1906 ad
171 1831 296 1928 ipsum
321 1843 501 1928 punctum
528 1831 587 1916 N;
613 1831 769 1928 ideoque
799 1831 986 1906 videbitur
1013 1832 1049 1905 N
1067 1833 1141 1907 dio-

93 1945 212 2019 tinote
230 1969 297 2042 per
323 1945 468 2042 dioptra
493 1945 610 2042 magis
637 1969 747 2041 quam
764 1946 866 2042 prius
895 1945 993 2020 inter
1010 1971 1049 2020 sa
1066 1947 1141 2022 dis·

93 2058 224 2132 tantia.
271 2058 420 2135 Quanto
435 2058 561 2155 itaque
576 2058 762 2154 dioptrum
774 2083 975 2134 concavum
988 2061 1142 2134 minoris

95 2173 251 2269 sphaerae
271 2171 393 2268 portio
417 2181 483 2262 est,
502 2181 608 2246 tanto
634 2172 751 2268 magis
769 2196 792 2245 a
812 2172 960 2271 dioptro
979 2198 1143 2250 convexo

94 2285 234 2360 distare
262 2283 385 2372 dabat,
412 2284 442 2357 si
471 2284 582 2358 modo
608 2283 733 2358 videre
760 2285 946 2382 objectum
968 2285 1142 2362 distincte

94 2397 277 2472 volumus.
330 2397 439 2471 Ratio
472 2409 609 2486 autem,
639 2408 790 2494 propter
819 2423 929 2495 quam
956 2399 1143 2497 dioptrum

95 2535 302 2586 concavum
321 2535 394 2607 quo
412 2511 566 2584 minoris
584 2510 737 2608 sphaerae
750 2513 873 2609 portio
893 2526 947 2586 ast
965 2537 1008 2586 ao
1025 2515 1143 2610 magis

95 2621 235 2700 distare
266 2625 376 2699 debet
402 2648 424 2698 a
448 2625 595 2722 dioptro
624 2649 800 2715 convexo,
828 2627 928 2700 valet
958 2627 1069 2699 etiam
1094 2625 1144 2700 ad

94 2738 328 2835 probandum
345 2736 444 2811 idem
461 2737 507 2810 de
525 2738 671 2835 dioptro
686 2739 786 2834 quod
811 2739 918 2812 oculo
934 2740 1143 2836 proximum

7 2899 13 2926 ,
95 2863 163 2942 est,
180 2850 295 2926 etiam
314 2851 344 2924 si
363 2873 566 2924 convexum
579 2851 702 2924 fiterit.
755 2852 906 2926 Quanto
924 2853 1022 2924 enim
1039 2852 1145 2948 diop-

95 2978 195 3042 trum
214 2989 422 3038 convexum
435 2964 587 3038 minoris
600 2965 754 3062 sphaerae
766 2965 890 3060 portio
908 2979 976 3054 ast,
988 2965 1143 3038 tantuin

95 3104 140 3153 ao
159 3077 337 3153 restantio
356 3079 474 3174 major
490 3089 558 3166 est,
570 3091 609 3150 et
626 3089 825 3174 propterea
842 3091 947 3152 tanto
962 3079 1087 3152 radius
1104 3077 1144 3152 in

97 3219 141 3267 eo
159 3192 343 3266 refractus
360 3203 461 3264 secat
479 3215 585 3264 axem
602 3191 766 3287 optioum
782 3191 1076 3288 propiuaocu103
1105 3203 1144 3264 et

95 3305 267 3404 proinde,
282 3329 366 3378 cum
377 3327 484 3378 axem
497 3305 666 3394 secuerit,
681 3305 798 3400 magis
808 3306 854 3378 ab
868 3305 948 3402 ipso
961 3305 1142 3402 divergit:

95 3420 197 3495 unde
216 3419 384 3514 sequitur
400 3430 444 3492 ut
469 3429 574 3493 tanto
591 3420 710 3516 major
735 3418 908 3493 refractio
938 3419 977 3493 in
996 3419 1144 3516 dioptro

97 3535 216 3608 altero
239 3534 316 3620 fiat,
334 3543 377 3604 ut
402 3532 450 3606 ad
475 3543 655 3628 punctum
686 3531 777 3622 axis,
795 3532 834 3606 in
860 3556 933 3628 quo
959 3534 1145 3630 objaomm

98 3647 259 3743 positum
290 3656 358 3735 est,
375 3644 595 3730 reducatur3
622 3669 668 3718 ex
687 3669 759 3741 quo
786 3647 952 3742 sequitur
969 3647 1145 3744 angulum

98 3757 350 3834 inclinationis
373 3761 548 3855 maj0ram
566 3759 699 3832 debere
726 3759 860 3834 esseio
879 3760 1027 3858 dioptro
1046 3759 1146 3856 quod

99 3861 248 3971 obje'oto
273 3872 488 3948 obvertitur.
542 3873 586 3947 ld
613 3872 713 3970 quod
739 3885 820 3947 tum
845 3875 901 3965 fit,
931 3898 1015 3948 cum
1042 3873 1146 3970 diop-

98 3997 200 4062 trum
217 3986 308 4060 illud
325 3986 372 4060 ab
389 3985 505 4060 altaro
522 3987 639 4084 magis
657 3987 779 4060 distat.

153 4109 188 4174 5.
212 4100 331 4174 Locus
343 4099 479 4196 objecti
497 4123 677 4200 apparens
695 4125 761 4198 par
773 4101 1024 4197 talasoopium,
1043 4103 1146 4198 cujus

203 4235 295 4287 von.
317 4236 361 4287 11.
1022 4236 1046 4294 u
