2912 4912
292 295 378 374 178·
699 311 913 365 mnnnrns.

91 513 188 563 snm.
201 513 253 564 111,
283 482 344 578 jus
359 479 473 552 habes
483 502 536 552 ex
553 479 634 576 ipso
661 489 783 564 statu3
810 479 863 553 ita
885 490 928 553 ut
954 503 1046 576 opus
1073 504 1148 553 non
1166 479 1214 553 sit
1230 480 1335 576 prius

101 591 245 696 ,ἕρ
287 593 449 683 eredere,
467 603 510 665 111
525 592 714 666 fallentem
731 605 815 688 post
832 592 1044 666 interficias,
1072 593 1116 666 In
1131 602 1233 666 statu
1245 617 1335 666 vero

287 707 399 796 civili,
415 705 479 778 ubi
492 707 553 801 jus
570 706 656 779 vitae
673 714 711 778 et
727 705 841 796 necis,
859 705 1049 801 omnisque
1065 730 1187 802 poenae
1204 730 1336 802 corpo-

287 819 374 893 ralis
398 841 513 915 penes
531 819 720 892 civitatem
738 829 804 909 est,
823 818 915 891 illud
938 819 1069 914 ipsum·
1079 821 1140 915 jus
1157 819 1335 892 interfici-

288 930 374 1006 endi
408 932 553 1028 privato
588 931 740 1005 concedi
778 955 854 1004 non
892 941 1027 1027 potest.
1096 931 1229 1028 Neque
1264 931 1335 1027 ipsi

287 1044 429 1118 civitati
446 1067 538 1139 opus
552 1054 618 1134 est,
629 1053 672 1117 ut
689 1044 848 1140 aliquem
863 1045 1005 1140 puniat,
1018 1045 1208 1140 postulare
1221 1054 1333 1141 paeto

286 1167 330 1230 ut
355 1158 573 1254 patientiam
599 1169 763 1253 praestet,
786 1158 852 1231 sed
883 1168 1030 1232 tantum
1056 1181 1104 1232 ne
1135 1159 1333 1254 quisquam

287 1269 461 1345 defendet
479 1271 581 1345 alios.
610 1271 649 1345 Si
666 1271 706 1345 in
724 1282 824 1345 statu
840 1283 994 1360 naturae,
1007 1272 1109 1344 velut
1125 1272 1226 1345 inter
1243 1272 1334 1344 duas

287 1384 465 1474 civitatee,
482 1385 590 1458 fieret
611 1394 762 1480 pactum
780 1384 826 1457 de
843 1385 1100 1458 interficiendo
1122 1385 1163 1457 ni
1188 1385 1332 1474 fecerit,

286 1497 506 1595 intelligitur
522 1497 754 1594 praecessisse
766 1497 868 1570 eliud
882 1509 1033 1593 pactum
1059 1496 1105 1570 de
1123 1521 1200 1571 non
1217 1499 1333 1571 inter-

285 1610 443 1685 ficiendo
467 1621 554 1684 ente
570 1610 820 1706 praestitutum
842 1610 951 1684 diem.
1004 1612 1135 1706 Itaque
1160 1633 1207 1684 eo
1224 1611 1286 1684 die
1303 1612 1333 1685 si

286 1725 495 1820 praestitum
518 1748 593 1797 non
623 1723 682 1813 sit,
701 1721 798 1796 redit
818 1724 878 1819 jus
905 1723 1003 1814 belli,
1020 1724 1094 1797 hoc
1120 1735 1189 1813 est,
1215 1735 1332 1798 status

284 1839 438 1928 10111111,
466 1837 506 1910 in
535 1860 607 1932 quo
635 1836 759 1909 omnia
790 1836 917 1926 licent,
944 1836 1102 1935 ideoque
1136 1837 1251 1910 etiam
1277 1862 1334 1911 re-

286 1953 428 2026 sistere.
472 1951 672 2038 Postremo,
688 1960 799 2045 paeto
821 1973 896 2022 non
913 1950 1108 2023 resistendi
1125 1950 1334 2047 obligamur

287 2065 446 2139 duorum
473 2062 654 2137 malorum
682 2063 922 2158 praesentium
949 2061 1084 2160 eligere
1109 2062 1214 2154 illud,
1233 2066 1334 2161 quod

285 2180 404 2274 majus
421 2176 617 2250 videbitur.
671 2177 768 2249 Nam
793 2200 893 2250 mors
920 2187 1023 2250 certa
1047 2179 1166 2273 majus
1194 2177 1334 2250 malum

285 2303 354 2382 est,
371 2314 480 2387 qnam
492 2313 626 2386 pugna.
656 2289 729 2362 Sed
743 2289 900 2363 duorum
912 2290 1093 2363 malorum
1106 2291 1333 2386 impossibile

286 2416 345 2479 est
362 2428 438 2477 non
455 2403 590 2500 eligere
608 2402 739 2476 minus.
791 2399 872 2475 'Pali
889 2426 977 2499 ergo
994 2412 1103 2500 pacto
1121 2414 1334 2477 teneremur

285 2515 333 2590 ad
345 2517 581 2614 impossibile,
600 2516 701 2612 quod
718 2525 861 2590 naturae
872 2529 1067 2614 pactorum
1084 2529 1290 2614 repugnet·

240 2656 264 2720 φ
338 2639 395 2704 19.
423 2630 601 2703 Similiter
613 2652 732 2725 neque
746 2639 895 2703 tenetur
906 2631 1101 2728 quisquam
1116 2631 1333 2727 pactisullis

100 2719 142 2782 ⁸⁰⁰·
238 2723 331 2818 ¹.⁰'⁰ad
348 2767 387 2818 se
404 2742 662 2832 accusandum,
676 2742 733 2816 vel
750 2744 873 2833 aliurn,
892 2746 995 2841 cujus
1009 2745 1246 2818 damnatione
1256 2746 1335 2821 vita

281 2858 352 2933 sibi
362 2860 496 2933 acerba
507 2858 631 2931 futura
644 2869 710 2930 est.
749 2858 881 2954 Itaque
892 2882 1012 2954 neque
1025 2871 1133 2954 pater
1149 2859 1190 2931 in
1202 2859 1333 2950 filium,

280 2997 400 3070 neque
418 2974 554 3069 conjux
569 2971 609 3045 in
634 2973 840 3068 conjugem,
858 2996 978 3069 neque
995 2973 1091 3046 filius
1109 2973 1148 3044 in
1175 2983 1333 3068 patrem,

281 3111 401 3182 neque
419 3087 611 3182 quisquam
628 3085 666 3156 in
680 3108 765 3157 eum
778 3085 856 3158 sine
874 3109 947 3180 quo
961 3086 1009 3159 ali
1022 3111 1098 3159 non
1108 3095 1246 3182 potest,
1258 3096 1333 3160 tes-

282 3199 477 3273 timonium
495 3198 617 3271 dicere
634 3197 843 3292 obligatur:
869 3197 1007 3272 frustra
1029 3199 1127 3272 enim
1152 3208 1209 3271 est
1226 3199 1333 3272 testi-

279 3313 458 3402 monium,
493 3311 594 3408 quod
632 3334 654 3383 a
692 3322 826 3384 natura
860 3312 1045 3408 eomumpi
1081 3311 1331 3408 praesumitur.

282 3425 460 3500 Quamvis
470 3433 594 3498 autem
605 3433 716 3519 pacto
728 3422 776 3497 ad
793 3446 831 3495 se
844 3425 1091 3498 accusandum
1105 3424 1239 3519 aliquis
1256 3449 1332 3499 non
1451 3441 1452 3466 ³

279 3549 463 3629 teneatur,
475 3538 514 3611 in
532 3536 735 3634 qnaestione
746 3546 870 3610 tamen
885 3538 1033 3636 publica
1045 3538 1093 3610 ad
1105 3536 1331 3632 responden-

280 3652 369 3727 dum
387 3651 552 3725 cruciatu
565 3649 648 3746 cogi
660 3658 794 3745 potest.
831 3651 1101 3747 Responsiones
1117 3661 1245 3724 eutem
1258 3652 1331 3726 illae
1450 3699 1451 3706 κ

278 3764 632 3841 faetitestimonium
648 3787 724 3836 non
746 3774 845 3855 sunt,
864 3765 929 3838 sed
945 3764 1213 3862 investigandae
1237 3764 1332 3837 veri-

280 3881 368 3955 tatis
400 3880 623 3976 adjumenta.
676 3875 734 3949 Ita
763 3886 806 3949 ut
833 3877 909 3950 sive
934 3902 1063 3951 verum
1092 3878 1168 3952 sive
1195 3875 1331 3951 falsum

279 3993 464 4067 eruciatus
485 3990 718 4088 respondeat,
737 3990 814 4064 sive
827 4015 903 4066 non
921 3993 1071 4066 omnino
1094 3990 1328 4088 respondeat,

274 4109 358 4204 jure
370 4106 492 4181 faeiat.
