2896 4914
320 317 368 386 28
546 355 548 364 ‚
702 325 959 380 nnnoumn.

134 540 231 592 sm
244 541 284 592 fl·
321 507 403 581 quae
433 493 489 557 est
517 483 614 558 iuter
639 482 735 580 ipsas
765 494 803 557 et
828 494 984 568 terram3
1009 481 1097 557 luna
1125 492 1247 558 autem
1272 507 1356 558 mu-

114 685 117 692 *
196 621 219 667 a
320 607 446 672 tuetur
462 621 485 672 a
501 597 576 671 sole
594 622 699 671 suum
712 598 848 686 lumen,
867 597 906 671 id
922 607 989 688 est,
1016 598 1070 671 sol
1087 608 1174 695 agat
1191 621 1257 672 sua
1273 599 1357 674 luce

125 690 279 818 ΟῌΠζ
321 711 360 786 in
377 722 494 786 terras
510 710 693 785 mediante
711 711 920 786 reflectione
936 711 1066 802 lunari,
1093 711 1132 786 id
1149 724 1216 802 est,
1242 737 1266 786 a
1283 713 1358 787 dis-

123 833 241 909 fixoqum
251 832 295 876 ³¹¹²
320 826 439 902 tantia
455 826 655 923 composita
671 849 717 898 ex
734 824 914 900 distantiis
931 850 954 900 a
970 826 1046 900 sole
1063 825 1112 899 ad
1127 827 1252 900 lunam
1278 838 1318 900 et
1335 853 1358 901 a

123 911 295 1041 diffidis
320 939 409 1015 luna
425 939 473 1013 ad
488 949 636 1029 terram,
655 963 736 1036 quar
753 939 926 1013 distantia
945 939 1041 1014 inter
1057 940 1149 1013 fixas
1163 950 1201 1014 et
1217 951 1357 1014 terram

44 1129 49 1142 ,
123 1029 308 1139 diffido,
319 1054 653 1151 incomparabiliter
684 1053 805 1127 minor
834 1065 913 1138 est;
961 1054 1072 1130 etiam
1113 1055 1164 1152 sio¹
1197 1056 1275 1146 fiet,
1312 1067 1354 1130 ut

121 1159 307 1218 ‘¹⁸⁸¹q¹¹⁸¹‘¹¹¹¹¹²²
320 1192 529 1267 quanquam
552 1167 667 1242 stellae
686 1167 769 1261 fixae
785 1167 940 1241 totidem
957 1178 1077 1242 essent
1094 1168 1199 1259 soleS,
1217 1169 1354 1242 miran-

320 1283 407 1356 dum
425 1293 549 1358 tamen
569 1305 645 1354 non
658 1291 754 1354 esset
771 1281 802 1354 si
819 1280 874 1355 sol
890 1293 1025 1372 noster,
1037 1281 1219 1356 mediante
1232 1282 1353 1357 lunari

320 1398 528 1486 reflexione,
551 1405 668 1468 terras
684 1394 801 1491 magis
818 1395 999 1470 illuminet
1015 1419 1125 1493 quam
1142 1396 1258 1472 stellae
1271 1398 1354 1472 fixae

320 1510 428 1584 simul
445 1533 583 1584 omnes.
665 1601 668 1610 Α

368 1625 664 1698 observaverunt
679 1620 853 1719 permulti
871 1633 957 1719 post
981 1645 1160 1712 somnum,
1186 1633 1352 1722 tempora

318 1738 510 1828 matutino,
540 1735 685 1834 quando
715 1734 841 1819 oeulis,
867 1735 1084 1834 simulatque
1109 1737 1228 1833 aperti
1254 1750 1351 1828 sunt,

318 1851 492 1949 objicitur
501 1851 672 1939 fenestra,
684 1849 737 1922 ita
748 1847 1000 1924 vehementem
1014 1850 1141 1924 sentiri
1154 1851 1350 1942 actionem,

316 1976 360 2040 ut
387 1965 518 2040 clausis
546 1987 672 2036 rursus
698 1963 820 2060 imago
849 1977 972 2037 tamen
996 1964 1166 2040 fenestrae
1185 1965 1335 2062 aliquan

318 2078 382 2153 diu
406 2079 605 2161 inhaeream
645 2075 951 2174 quemadmodum
981 2076 1115 2151 aooidit
1149 2076 1260 2152 etiam
1294 2079 1348 2168 iis,

318 2191 381 2288 qui
414 2191 527 2266 solem
568 2189 753 2263 intuentes
789 2188 927 2266 habeut
968 2190 1178 2287 aliquandiu
1219 2193 1348 2265 obver-

317 2316 459 2380 santem
476 2303 590 2378 oeulis
607 2303 804 2401 imaginem
819 2303 917 2406 ¹solis.
970 2303 1088 2379 Causa
1104 2306 1181 2402 ejus
1203 2305 1258 2379 rei
1285 2317 1349 2396 est,

318 2417 416 2515 quod
456 2417 605 2514 spiritus
644 2416 809 2492 animalis
844 2426 929 2515 post
964 2441 1132 2492 somnum
1166 2416 1216 2493 ad
1251 2431 1349 2493 exte-

314 2532 414 2605 n'ora
433 2531 590 2621 rediens,
619 2528 927 2626 quemadmodum
949 2553 1059 2629 supra
1076 2529 1348 2622 declaravimus,
1431 2519 1432 2556 ³

314 2644 402 2719 facit
416 2654 458 2718 ut
472 2643 688 2717 resistentia
712 2643 752 2721 in
777 2642 897 2718 retina
922 2643 971 2718 sit
994 2645 1123 2745 maj0r,
1151 2642 1190 2716 id
1215 2655 1284 2732 est,
1309 2657 1350 2719 ut

315 2759 433 2846 sensio
451 2757 499 2831 sit
518 2757 659 2831 fortior.
710 2755 780 2830 Pro
805 2755 1021 2830 fortitudine
1051 2765 1174 2830 autem
1198 2757 1349 2833 visionis

312 2873 429 2972 magis
447 2871 612 2947 minusve
627 2883 838 2970 perseverat
853 2871 975 2970 imago
993 2883 1182 2970 concepta.
