2904 4916
76 483 174 537 ster.
187 482 240 538 111.

87 561 231 674 ᾧ

68 1829 213 1891 Icp'soivilis

68 1897 132 1943 (lirici
156 1897 163 1908 ⁰

271 269 344 344 822
675 284 907 346 rnrnnrnst.

273 450 393 530 edicto
419 473 484 530 seu
509 449 662 532 decreto
688 452 1231 550 contineotnr‚quodsnn1mce
1255 475 1322 548 po-

272 564 399 648 testati
423 564 537 662 ipsins
562 565 777 665 imperantis
803 569 968 665 deroget.
1020 567 1107 644 Non
1136 576 1192 642 est
1218 566 1320 640 enim

273 677 489 782 putendum,
508 702 592 758 eum
608 681 701 760 velle
718 681 897 781 potestati
909 705 986 760 sues
1003 680 1324 777 aqnibnsounque

274 793 450 874 ministris
475 793 551 872 suis
577 795 774 894 quiequam
799 795 956 887 detrahi,
980 794 1069 872 dnm
1093 794 1327 872 voluntatem

274 906 411 986 retinet
427 905 644 1004 imperandi.
697 909 896 990 Sententia
915 933 1005 988 vero
1031 907 1170 1006 legum
1186 907 1254 984 ubi
1280 906 1328 980 de

277 1044 323 1100 oo
338 1020 542 1116 dubitetur,
567 1022 728 1120 petenda
752 1033 810 1100 θεῖ
835 1023 882 1099 ob
907 1023 964 1115 iis,
992 1023 1125 1120 quibus
1141 1047 1166 1098 o
1183 1045 1330 1098 summo

276 1144 459 1232 potestate
476 1136 670 1216 commissa
687 1146 743 1212 est
759 1159 960 1212 coctarum
977 1134 1161 1234 cognitio,
1179 1135 1330 1230 siveju-

278 1247 396 1330 dicio.
446 1246 633 1326 Jndicarc
650 1251 750 1328 enim
774 1249 866 1326 nihil
888 1249 989 1328 aliud
1007 1259 1064 1326 est
1082 1273 1195 1346 quom
1221 1247 1332 1346 leges

278 1362 431 1461 singulis
447 1363 592 1442 casibus
614 1362 907 1464 interpretando
931 1363 1128 1460 applicare.
1184 1361 1333 1438 Quibus

278 1488 403 1557 entem
419 1477 458 1554 id
474 1501 609 1557 munus
626 1478 861 1558 commissum
878 1487 947 1569 est,
960 1475 1092 1555 eodem
1110 1476 1225 1552 modo
1243 1499 1335 1572 cog-

277 1591 453 1682 nosciutr,
472 1615 546 1690 quo
563 1592 821 1690 cognoscimus
845 1591 909 1689 qni
925 1591 1000 1666 sint
1017 1591 1057 1682 ii,
1076 1590 1213 1688 qnibns
1230 1613 1335 1664 oom-

278 1705 391 1786 misso
407 1716 465 1782 est
479 1705 682 1786 auctoritas
699 1706 800 1804 leges
815 1703 1091 1802 promulgandi.

332 1829 392 1900 14.
416 1819 569 1910 Rursus,
583 1819 645 1900 lex
660 1818 800 1910 cicilio,
811 1841 881 1918 pro
894 1817 1034 1916 duplici
1046 1817 1159 1896 modo
1169 1816 1336 1916 promul·

68 1911 203 2021 ‚sepiis
278 1932 572 2034 gondidnorum
581 1957 762 2032 generum
772 1943 844 2010 est:
858 1931 1022 2031 scripto,
1034 1942 1073 2008 et
1082 1957 1156 2008 non
1166 1931 1336 2030 coripta.

68 2043 114 2076 non
124 2028 234 2087 scriptam.

281 2049 352 2129 Per
377 2046 562 2144 scriptam
587 2047 756 2145 intelligo
781 2070 874 2138 eom,
902 2069 986 2143 quae
1010 2069 1103 2122 voce
1121 2046 1201 2122 sive
1227 2045 1336 2142 signo

282 2161 407 2258 aliquo
418 2157 492 2242 ¹olio
507 2159 708 2240 voluntatis
723 2157 946 2256 legislatoris
958 2158 1101 2256 indiget
1117 2167 1162 2236 nt
1177 2159 1248 2234 fiet
1261 2158 1335 2232 lex.
1444 2205 1445 2224 ,

282 2274 424 2370 Legum
453 2269 551 2354 enim
579 2295 698 2371 genus
728 2296 838 2350 omne
868 2282 907 2350 et
937 2284 1073 2350 notura
1102 2282 1141 2348 et
1165 2283 1337 2368 tempore

285 2410 456 2469 cocetum
479 2396 537 2463 est
559 2387 688 2486 generi
716 2388 893 2480 hnmano,
924 2395 963 2466 et
981 2398 1184 2486 propterea
1207 2387 1337 2462 inven-

284 2500 389 2578 tione
412 2500 603 2578 liternrum
626 2510 664 2578 et
686 2500 871 2580 scribendi
894 2511 975 2578 orte
996 2499 1198 2596 antiquins.
1251 2499 1337 2576 Non

286 2639 376 2714 ergo
393 2614 475 2716 legi
491 2615 649 2716 scripto
663 2615 871 2693 necessario
891 2625 948 2688 est
964 2614 1142 2713 ccrsptio,
1159 2613 1227 2691 sed
1243 2637 1337 2699 νοις

286 2731 367 2810 haeo
380 2731 459 2808 solo
474 2730 524 2810 ed
539 2730 754 2822 essentiam,
766 2730 831 2810 ills
847 2728 896 2805 nd
913 2727 1217 2808 recordationem
1236 2727 1337 2827 legio
1443 2763 1444 2830 ᾗ

288 2843 454 2922 adhibita
465 2854 534 2922 est.
584 2843 685 2924 Nom
700 2853 787 2920 onte
799 2842 970 2921 inventes
984 2841 1114 2918 literns
1132 2840 1182 2918 ed
1198 2865 1338 2918 merno-

288 2956 383 3037 rism
411 2956 670 3054 adjuvandam,
697 2956 805 3056 legor
827 2955 868 3032 in
891 2966 1013 3035 metro
1034 2954 1205 3032 redactos
1222 2954 1340 3030 conti-

289 3071 362 3149 tari
378 3070 502 3151 solitas
519 3093 598 3146 esse
615 3070 786 3168 legimns
836 3069 924 3150 Noe
940 3068 1093 3169 scripto
1111 3079 1168 3146 est
1186 3091 1245 3160 en,
1259 3093 1340 3166 qnae

290 3207 366 3262 non
382 3183 455 3262 otia
478 3183 621 3281 indiget
645 3184 942 3282 promngotiono
964 3193 1101 3282 praeter
1117 3207 1251 3260 vocem
1276 3207 1341 3258 no-

291 3309 387 3378 tutte
412 3298 489 3377 sive
514 3298 695 3374 rationem
719 3298 949 3384 netnrolem3
976 3298 1104 3394 quoles
1125 3309 1215 3376 sunt
1234 3298 1341 3397 teges

291 3411 501 3492 cocosates.
552 3413 630 3491 Lex
645 3412 744 3490 enim
756 3412 948 3504 nonrmlis,
965 3437 1190 3509 quamquem
1206 3437 1232 3488 n
1244 3410 1342 3486 civili

293 3526 543 3626 distinguetur
570 3536 751 3625 quotenus
779 3527 963 3607 rolnntoti
991 3527 1172 3624 praecipit,
1203 3537 1342 3614 tomen,

294 3642 395 3741 quod
430 3642 481 3720 od
513 3642 677 3722 actiones
708 3643 856 3734 attinet,
885 3639 1002 3722 civilis
1038 3653 1106 3716 est.
1171 3639 1342 3736 Exempli

293 3757 435 3854 gratim
462 3759 558 3848 hoec,
581 3781 654 3834 ooo
679 3756 934 3857 concupisces,
961 3778 1043 3852 qnae
1069 3753 1238 3852 pertinet
1261 3763 1346 3828 ton-

294 3881 376 3948 tnm
403 3870 452 3949 nd
479 3871 743 3962 onimum‚1ex
767 3869 945 3948 notnrolis
972 3879 1119 3945 tentum
1145 3877 1230 3952 est;
1263 3867 1346 3940 haeo

295 4009 396 4076 nero,
411 4009 483 4060 ooo
500 3985 668 4076 icocaco,
685 3995 723 4061 et
746 3983 924 4060 natnrnlis
942 3993 980 4056 et
996 3981 1112 4056 civilis
1129 3993 1200 4056 est.
1253 3979 1348 4056 (inm

298 4100 397 4176 enirn
412 4099 559 4198 regulos
570 4097 809 4200 proscribere
820 4095 1057 4190 universales,
1071 4096 1205 4194 qnibns
1219 4117 1347 4170 omnes
