2918 4912
138 310 407 364 courarxrro
425 308 664 362 srucruauu
680 309 817 363 rruuu
834 309 1057 362 crvrrarrs
1084 293 1156 361 265

112 486 264 575 propter
279 475 489 549 libertatem
511 475 666 550 aliorum
694 476 818 549 omnia
840 477 981 572 patitur
1007 475 1160 552 arbitrio
1190 507 1289 560 scca.
1303 508 1358 560 ur.

111 591 243 662 alieno.
297 587 348 660 At
365 588 515 661 civitate
528 589 741 679 constituta,
755 588 1006 686 unusquisque
1026 590 1162 664 civium
1201 586 1345 690 ...¹32⁴

111 713 258 776 tantum
274 701 455 775 libertatis
481 702 551 776 sibi
574 702 722 791 retinet,
745 714 925 798 quantum
952 703 1088 778 sufficit
1114 702 1163 777 ad

110 816 205 888 bene
237 826 276 888 et
306 814 504 911 tranquille
529 816 752 896 vivendum;
789 829 935 890 tantum
963 818 1053 892 item
1082 817 1162 890 aliis

109 928 300 1018 adimitur,
318 939 452 1001 utnon
478 930 552 1002 sint
577 929 777 1002 metuendi.
828 931 945 1004 Extra
962 931 1161 1021 civitatem,

110 1043 312 1137 unicuique
339 1041 391 1115 ita
416 1041 478 1138 jus
496 1041 617 1116 estad
635 1043 770 1132 omnia,
794 1053 836 1116 ut
861 1055 985 1117 tamen
1003 1043 1105 1118 nulla
1121 1065 1162 1116 re

110 1157 184 1229 frui
197 1159 339 1252 possit:
366 1155 404 1228 in
418 1155 568 1229 civitate
581 1178 680 1245 vero,
699 1155 949 1252 unusquisque
966 1157 1072 1230 finito
1079 1157 1163 1253 jure

112 1292 241 1342 secure
258 1268 403 1342 fruitur.
430 1269 545 1342 Extra
562 1269 761 1360 civitatem,
780 1269 935 1366 quilibet
952 1295 974 1343 a
1000 1270 1165 1366 quolibet

109 1386 193 1480 jure
225 1381 375 1477 spoliari
403 1392 441 1454 et
471 1381 589 1454 occidi
618 1392 764 1478 potest:
791 1383 830 1456 in
859 1383 1008 1458 civitate
1025 1383 1071 1456 ab
1087 1407 1164 1457 uno

112 1507 273 1569 tantum.
335 1495 452 1568 Extra
468 1495 668 1586 civitatem,
684 1496 843 1593 propriis
861 1507 1008 1570 tantum
1024 1496 1165 1569 viribus

112 1608 367 1706 protegimur:
395 1607 432 1682 iu
452 1608 612 1698 civitate,
631 1609 806 1684 omnium.
832 1611 948 1684 Extra
966 1609 1164 1698 civitatem,

112 1723 258 1795 fructus
269 1721 316 1794 ab
330 1719 512 1794 industria
524 1721 663 1794 nemini
680 1733 828 1808 certus;
855 1722 893 1796 in
911 1722 1072 1813 civitate,
1087 1745 1166 1795 om-

113 1835 236 1909 nibus.
288 1834 469 1932 Denique,
487 1848 592 1910 extra
620 1835 818 1926 civitatem,
836 1835 1032 1933 imperium
1058 1835 1168 1908 affec-

115 1960 234 2038 tuum,
251 1948 401 2038 bellum,
431 1959 561 2040 metus,
587 1960 798 2044 paupertas,
815 1948 974 2040 foeditas,
993 1947 1166 2036 solitudo,

114 2061 317 2152 barbaries,
336 2061 556 2158 ignorantia,
566 2061 714 2135 feritas:
742 2061 781 2134 in
799 2062 962 2153 civitate,
972 2060 1168 2158 imperium

116 2175 283 2266 rationiS,
314 2198 398 2271 pax,
426 2175 615 2266 securitas,
645 2175 794 2266 divitiae,
817 2188 982 2266 ornatus,
1000 2175 1167 2263 sociatae,

118 2288 314 2385 elegantia,
333 2287 507 2379 scientiae,
523 2288 792 2364 benevolentia.

168 2413 205 2476 2.
232 2400 450 2475 Aristoteles
479 2399 744 2494 (Politicoram
773 2401 859 2476 libri
876 2403 1023 2499 septimi
1047 2402 1169 2499 capite
1182 2419 1345 2500 planant

120 2513 440 2615 quatuordecimo)
471 2513 544 2589 duo
577 2538 656 2588 esse
685 2515 738 2590 ait
771 2539 909 2613 genera
936 2516 1168 2613 regiminum,
1182 2485 1360 2596 illm

120 2654 278 2729 quorum
296 2629 453 2701 alterum
478 2627 526 2701 ad
543 2629 778 2727 imperantis,
795 2628 954 2702 alterum
978 2629 1026 2704 ad
1041 2627 1168 2702 sabdi-
1182 2615 1359 2663 “imm

120 2757 241 2819 torum
259 2740 493 2816 commodum
504 2741 688 2838 dirigitur.
716 2741 832 2817 Quasi
848 2742 914 2814 ubi
925 2741 1023 2816 cives
1041 2741 1169 2815 durius

119 2867 341 2944 tractantur,
369 2854 420 2927 ibi
455 2880 530 2928 aaa
542 2883 557 2940 ,·
582 2855 646 2928 ubi
672 2853 809 2944 mitius,
838 2855 890 2929 ibi
919 2854 1001 2928 alic
1030 2855 1171 2953 species

121 2981 219 3046 esset
236 2967 419 3052 civitatis;
447 2967 547 3064 quod
575 2968 609 3040 ei
636 2967 787 3041 minime
804 2967 1082 3042 concedendum
1100 2980 1168 3042 est.

122 3088 219 3160 Sunt
249 3083 348 3156 enim
383 3081 605 3180 imperantis
640 3095 678 3154 et
708 3081 941 3155 subditorum
971 3083 1100 3156 eadem
1134 3094 1173 3156 et

121 3197 335 3275 communia
352 3195 546 3269 commoda
561 3207 598 3269 et
615 3195 849 3270 incommoda
871 3197 1006 3287 omnia,
1025 3221 1107 3294 quae
1126 3223 1173 3271 ex

120 3312 304 3410 regimine
321 3310 502 3385 oriuntur.
554 3310 805 3400 Incommode,
838 3335 921 3406 quae
948 3311 1019 3383 civi
1049 3310 1171 3400 alicui,

122 3424 339 3512 infortunio,
354 3422 520 3514 stultitia,
535 3424 773 3521 negligentia,
787 3424 944 3521 ignavia,
959 3425 1018 3499 vel
1027 3424 1174 3498 luxuria

124 3566 189 3614 sua
205 3537 392 3627 accidunt,
410 3562 433 3611 a
449 3539 611 3634 regentis
635 3538 879 3612 incommodis
902 3539 1064 3636 separari
1090 3563 1175 3638 pos·

125 3663 234 3728 sunt:
261 3651 418 3724 sednon
441 3661 528 3724 sunt
556 3653 619 3726 illa
648 3653 837 3749 regiminis
867 3653 1113 3743 incommoda,
1130 3663 1173 3726 ut

127 3792 209 3864 quae
226 3766 266 3838 in
285 3763 447 3860 qualibet
461 3765 610 3840 civitate
624 3766 791 3839 accidere
804 3780 968 3863 possunt.
1019 3767 1171 3855 Eadem,

127 3881 157 3952 si
174 3878 348 3952 accidunt
366 3903 388 3951 a
403 3878 524 3975 prima
549 3879 708 3954 civitatis
731 3880 976 3970 institutione,
1004 3880 1174 3952 dicentur

129 3993 278 4090 quidem
304 3992 494 4088 regiminis
518 3993 763 4084 incommoda,
792 3993 858 4066 sed
884 3993 953 4090 ipsi
976 3992 1174 4089 imperanti

130 4131 214 4178 cum
227 4106 367 4179 civibus
380 4103 826 4197 commumaerunt,sieut
839 4106 1174 4179 communicetiam

131 4232 216 4293 sunt
229 4243 355 4294 eorum
366 4219 570 4295 commoda.
598 4220 760 4294 Primum
777 4234 901 4297 autem
918 4232 957 4294 et
973 4221 1174 4295 maximum
