2918 4912
93 511 189 562 sect.
206 511 257 560 111.

105 587 247 692 ᾧ

77 727 192 772 Summum
210 728 276 785 impe

76 793 133 834 rium
150 806 195 835 nou
212 806 276 850 posse
317 821 325 835 .

73 857 124 914 jure
135 857 275 910 dissolvente.

290 299 361 366 234
695 313 924 366 nunnmnn.

289 481 389 578 gitur
405 481 448 568 is,
474 480 537 576 qui
554 481 667 554 habet
684 505 857 558 summum
886 480 1095 580 imperium,
1114 504 1340 555 convocasse

290 594 387 666 cives
405 593 453 666 ad
470 593 735 690 disputandum
753 593 799 666 de
816 594 929 690 ipsius
940 595 1037 689 jure,
1055 593 1137 682 nisi,
1156 605 1339 690 pertaesus

289 731 425 796 rerum,
460 706 605 779 disertis
639 707 758 781 verbis
792 707 988 803 imperium
1021 707 1181 801 abjiciat.
1235 707 1340 782 Quo-

289 845 389 893 mam
410 832 534 894 autem
564 819 724 915 plurimi,
747 844 814 915 per
840 819 1035 908 inscitiam,
1061 843 1131 915 pro
1156 843 1339 893 consensu

290 934 449 1008 civitatis
462 934 602 1007 babent
613 957 689 1007 non
700 933 812 1006 modo
827 957 1046 1006 consensum
1057 933 1208 1029 majoris
1218 933 1339 1028 partis

290 1047 436 1133 civium,
455 1047 520 1120 sed
546 1047 659 1120 etiam
684 1047 791 1120 valde
817 1071 1032 1143 paucorum,
1048 1046 1079 1120 si
1103 1070 1228 1120 secum
1255 1070 1340 1120 sen-

289 1161 394 1248 tiant,
411 1169 535 1255 posset
560 1160 604 1232 iis
621 1159 739 1232 videri
757 1160 954 1258 imperinm
971 1184 1145 1232 nummum
1167 1161 1253 1256 jure
1273 1160 1339 1234 ab·

289 1272 425 1368 rogari,
443 1272 554 1344 modo
572 1272 611 1345 id
638 1273 703 1345 fiat
729 1272 768 1345 in
785 1297 920 1368 magno
939 1273 1061 1369 aliquo
1080 1284 1270 1346 conventu
1287 1273 1340 1347 ci-

288 1387 389 1460 vium
405 1409 471 1482 per
482 1384 655 1482 suffragia
667 1385 815 1480 majoris
828 1386 983 1460 numeri.
1029 1386 1102 1460 Sed
1113 1410 1338 1483 quamquem

289 1498 483 1595 imperium
499 1522 566 1594 per
588 1509 699 1593 pacto
719 1497 947 1594 singulotum
972 1523 1056 1572 cnm
1073 1499 1230 1594 singulis
1249 1524 1339 1574 con-

288 1614 473 1701 stituatur,
484 1621 694 1684 nontamen
707 1611 753 1684 ab
766 1635 810 1684 ea
824 1610 901 1683 sola
913 1611 1139 1708 obligatione
1152 1610 1339 1708 dependet

287 1725 432 1821 imperii
445 1728 517 1822 jus.
568 1723 725 1798 Accedit
741 1723 918 1818 obligatio
936 1747 1025 1820 erga
1047 1722 1252 1798 habentem
1269 1725 1338 1796 im-

286 1840 442 1938 perium.
495 1837 592 1912 Civis
624 1837 721 1908 enim
739 1836 990 1932 unusquisque
1008 1860 1093 1910 cum
1109 1861 1337 1934 unoquoque

286 1953 487 2049 paciscenS‚
516 1950 567 2025 sic
594 1950 695 2039 dicit,
725 1973 819 2047 ergo
837 1951 907 2045 jue
933 1975 1049 2023 meum
1073 1950 1272 2048 transfero
1299 1953 1337 2025 in

288 2066 394 2155 dunc,
408 2076 450 2139 ut
469 2075 623 2138 totunm
642 2063 858 2160 transferat
877 2063 915 2136 in
932 2063 1098 2136 eundem.
1136 2064 1248 2138 Unde
1262 2066 1335 2161 juS,

288 2178 387 2275 quod
414 2177 665 2273 unusquisque
687 2176 847 2250 babebat
874 2176 1004 2250 utendi
1019 2176 1159 2249 viribus
1184 2177 1261 2250 suis
1290 2177 1338 2250 ad

287 2292 479 2388 proprium
501 2291 731 2380 beneficium,
751 2301 871 2364 totum
893 2290 1113 2364 translatum
1131 2302 1189 2363 est
1214 2291 1255 2364 in
1271 2292 1337 2366 ali-

288 2428 399 2500 quem
419 2404 607 2478 hominem
619 2404 677 2477 vel
695 2403 891 2476 concilium
917 2403 965 2476 ed
981 2403 1204 2477 beneficium
1235 2428 1335 2476 com-

287 2541 409 2591 mune.
461 2518 592 2614 ltaque
618 2516 929 2590 intercedentibus
954 2516 1086 2611 poene,
1106 2516 1242 2612 quibus
1261 2516 1335 2590 sin-

286 2631 382 2727 gulis
407 2631 541 2728 singuli
567 2630 789 2725 obligentur,
808 2639 845 2702 et
866 2630 958 2728 juris
987 2627 1201 2719 donatione,
1222 2653 1336 2726 quam

287 2755 407 2818 rotam
422 2744 558 2818 habere
585 2743 793 2840 obligantur
809 2742 1018 2838 imperanti,
1038 2741 1178 2839 duplici
1195 2742 1338 2839 oblige-

287 2859 387 2931 tione
418 2858 552 2932 civium
579 2857 744 2930 munitur
777 2855 982 2950 imperium,
1012 2879 1057 2928 ea
1086 2878 1170 2952 quae
1198 2868 1257 2929 est
1288 2855 1337 2928 ad

287 2972 466 3060 concives,
484 2982 523 3043 et
540 2995 585 3044 ea
601 2993 683 3066 quae
697 2980 754 3042 est
770 2969 818 3042 ad
835 2969 1089 3065 imperantem.
1142 2968 1232 3042 Non
1246 2993 1335 3064 ergo

288 3084 396 3173 civeS,
433 3094 667 3181 quotcunque
701 3082 851 3172 fuerint,
886 3081 964 3155 sine
1004 3105 1187 3156 consensu
1221 3083 1336 3156 etiem

287 3197 402 3292 ipsius
411 3196 727 3293 imperentiS‚eum
741 3195 897 3292 spoliare
910 3194 1063 3293 imperio
1071 3196 1154 3292 jure
1164 3207 1334 3293 possunt.
