2828 4912
283 295 337 350 na
357 293 562 349 nnnurrru
583 293 635 348 nr
653 289 776 361 ruas,
796 291 883 346 uro.
1062 275 1110 344 95

76 483 142 538 non
157 459 342 554 dieantur,
360 459 536 538 differunt
548 471 673 538 tomen
690 459 730 534 in
748 459 995 548 hortantum,
1013 457 1113 556 quod
1148 490 1245 546 amr,
1265 491 1302 544 n.

75 577 184 652 sensio
209 577 259 654 sit
286 577 435 676 objecti,
464 588 509 652 ut
536 575 691 668 externi,
717 585 869 672 propter
889 573 1112 652 reeetionem
1152 568 1296 676 „L

76 691 143 766 sira
167 689 416 766 resistentiam
443 713 527 790 qum
554 690 598 766 fit
623 689 669 764 ab
697 711 863 784 orgenm
890 697 928 762 et
957 687 1113 786 proinde

76 803 233 880 consistit
267 804 306 880 in
337 815 474 880 conatu
507 803 638 899 organi
672 812 903 888 extrorsum
943 801 1113 900 voluptas

76 927 188 992 eutem
207 917 376 993 consistit
393 917 433 994 in
449 917 618 1016 passione
636 939 720 1016 quae
746 915 790 992 fit
814 915 861 990 ab
887 913 1033 992 aetione
1050 913 1113 990 ob-

72 1030 164 1126 jecti,
181 1041 223 1105 et
240 1041 297 1106 est
313 1041 468 1106 conatus
487 1031 698 1106 introrsum.

119 1149 151 1220 2.
178 1143 310 1218 Causae
344 1167 446 1240 ergo,
477 1153 519 1218 ut
549 1141 741 1232 sensionis,
769 1141 823 1217 ito
855 1141 1040 1240 appetitus
1075 1149 1321 1262 mmmm„

75 1255 173 1354 luga,
192 1257 393 1354 voluptatis
406 1268 444 1332 et
461 1257 650 1346 molestia,
669 1265 756 1330 sunt
772 1253 852 1354 ipsa
865 1257 1012 1354 objecta
1029 1279 1112 1332 sen·
1322 1249 1326 1258 ’

76 1391 183 1446 suum.
238 1371 293 1446 Ex
320 1391 394 1468 quo
421 1369 577 1466 intelligi
602 1377 726 1468 potest
754 1391 874 1466 neque
905 1369 1112 1468 appetitum

76 1493 234 1560 nostrum
253 1507 372 1582 neque
393 1482 519 1579 iugem
542 1495 708 1558 nostram
725 1505 874 1558 eausam
900 1505 979 1558 esse
998 1505 1113 1580 quare

75 1593 138 1670 hoe
159 1595 220 1670 rel
250 1595 342 1670 illud
371 1595 538 1694 rupimus
569 1593 626 1668 vel
652 1593 837 1692 fugimus,
865 1593 903 1670 id
928 1606 996 1686 est,
1014 1595 1114 1692 quod

76 1731 141 1784 non
158 1707 243 1785 ideo
261 1709 467 1808 appetimus
484 1708 573 1807 quia
588 1707 767 1784 volumus.
821 1708 918 1784 Nam
943 1708 1114 1784 voluntas

75 1821 145 1918 ipsa
161 1833 219 1898 est
235 1822 442 1922 appetitum
469 1845 537 1896 neo
554 1820 715 1916 fugimus
734 1821 822 1920 quia
848 1821 1030 1914 nolumus,
1048 1823 1114 1896 sed

75 1935 153 2032 quis
168 1947 251 2012 tum
276 1935 453 2036 appetitio
480 1945 560 2010 tum
577 1934 719 2010 aversio
743 1936 789 2010 ab
817 1935 904 2034 ipsis
922 1936 1031 2010 rebus
1049 1959 1114 2010 ou-

75 2047 153 2144 pitis
169 2047 228 2124 vel
245 2048 366 2124 exosis
379 2060 557 2144 generata
570 2057 637 2139 est,
649 2049 887 2148 sequiturque
905 2050 1112 2126 necessario

76 2170 367 2259 praeooneeptum
393 2159 636 2258 Jneunditetis
667 2161 918 2260 molestiaque
949 2185 995 2238 ex
1026 2163 1115 2262 ipsis

77 2275 226 2372 objectis
243 2273 438 2350 adfuturo.
483 2273 584 2350 Quid
601 2273 728 2350 enim?
765 2275 825 2350 An
839 2275 1030 2366 esurimus,
1042 2301 1114 2352 nae-

76 2399 221 2488 temque
231 2399 375 2466 natura
388 2388 593 2464 necessaria
603 2389 820 2486 appetimus,
828 2389 914 2486 quie
925 2389 1113 2465 volumus?

77 2501 131 2578 An
148 2501 274 2592 fames,
293 2501 384 2590 sitis,
403 2511 442 2576 et
455 2500 646 2599 eupidiues
657 2501 874 2577 voluntaria
886 2501 998 2578 sunt?
1038 2503 1114 2602 ap.

76 2616 279 2712 petentibus
289 2637 410 2714 agere
420 2614 569 2714 quidem
579 2614 737 2690 liberum
750 2637 830 2692 esse
842 2628 981 2714 putenm
995 2617 1114 2714 ipsum

76 2739 193 2806 autem
211 2737 397 2830 oppetere
414 2752 490 2804 non
507 2738 654 2826 potesta
681 2729 781 2826 quod
798 2729 851 2806 ita
867 2729 1018 2805 cuilibet
1028 2753 1113 2828 pro-

76 2841 152 2936 pria
163 2841 393 2942 experientia
406 2842 643 2918 manifestum
654 2854 722 2934 est,
736 2853 779 2918 nt
796 2867 870 2920 non
888 2843 1024 2942 possim
1038 2867 1113 2920 non

76 2953 243 3032 admirari
269 2964 346 3030 tom
376 2955 512 3030 multos
542 2979 633 3046 esse,
664 2955 728 3053 qui
755 2955 939 3054 quomodo
966 2955 1005 3030 id
1032 2956 1113 3032 fieri

77 3067 186 3164 possit
211 3091 288 3144 non
317 3067 540 3164 intelligunt.
593 3067 753 3145 Quando
771 3069 926 3144 dicimus
954 3069 1111 3146 liberum

77 3201 150 3254 esse
166 3181 275 3256 alieni
293 3181 487 3256 arbitrium
504 3181 575 3258 hoo
593 3181 651 3258 vel
677 3181 768 3258 illud
785 3184 944 3262 leniendi
961 3186 1018 3261 vel
1036 3211 1111 3264 non

78 3293 240 3386 leniendi,
272 3317 416 3392 semper
446 3294 726 3390 intelligendum
753 3307 809 3372 est
833 3321 918 3374 eum
945 3301 1114 3399 opposita

80 3406 284 3484 conditione
310 3407 392 3496 hee,
422 3405 664 3492 sinnitensis
690 3433 776 3482 nam
792 3420 835 3484 ut
857 3412 939 3509 quis
957 3413 1112 3490 liberum

82 3521 267 3596 arbitrium
284 3520 420 3596 hebeat
435 3519 593 3596 ieeiendi
613 3523 682 3596 hoo
701 3521 758 3596 vel
776 3523 866 3600 illud
883 3537 1006 3603 utrum
1024 3527 1113 3602 velit

79 3655 197 3726 neone,
214 3633 374 3712 absurde
391 3633 539 3710 dieitur.

130 3747 284 3826 Quando
306 3747 483 3846 quaritur
500 3749 546 3826 ab
563 3750 700 3848 aliquo,
718 3762 844 3826 utrum
858 3775 936 3828 rem
954 3751 1114 3851 aliquam

80 3861 294 3958 propositam
312 3861 435 3938 meere
452 3862 586 3940 debeat
602 3887 650 3939 an
666 3865 961 3963 praetermittere,
979 3867 1114 3942 dieitur

81 3969 297 4068 deliberare,
316 3975 354 4050 id
366 3986 436 4066 est,
447 4000 559 4074 quem
577 3977 616 4054 in
634 3987 983 4078 utramquepartem
1001 3979 1113 4054 habet

82 4081 275 4166 libertatem
303 4088 497 4188 deponere.
552 4091 594 4166 ln
618 4115 691 4190 qua
707 4091 983 4181 deliberatione,
1000 4103 1111 4190 prout

80 4201 261 4278 commoda
271 4212 310 4278 et
321 4201 554 4280 incommoda
565 4203 649 4280 hino
661 4205 718 4280 vel
732 4205 832 4281 illine
845 4228 884 4280 se
899 4205 1110 4297 ostendunt,
