2918 4912
300 272 373 338 212
710 290 937 346 innan-mn.

107 483 201 533 sper.
213 484 265 535 111.
299 453 354 526 ita
367 455 529 530 actiones
554 480 637 531 suas
663 457 828 554 dirigunt
845 458 893 532 ad
909 459 1020 532 finem
1037 445 1285 548 communem,
1302 467 1344 530 nt

116 561 258 664 ,ἑά
301 578 418 640 coetus
438 593 564 642 eorum
581 571 689 643 nullis
708 571 947 644 seditionibus
965 573 1038 645 sint
1055 573 1216 645 obnoxii.
1258 572 1343 644 Non

91 699 262 744 calamorum
301 693 387 754 sunt
404 691 527 755 tamen
542 693 657 755 coetus
675 705 802 755 eorum
819 683 1005 774 civitates,
1024 708 1144 781 neque
1161 685 1245 757 ideo
1265 685 1346 780 ipsa

90 766 228 822 quorundam
238 766 282 809 ani·

90 830 198 873 mansum
222 831 275 887 rege.
301 795 473 868 animalia
499 795 663 894 politica
688 795 843 869 dicenda
874 809 980 882 sunt;
1020 799 1155 895 quippe
1186 822 1345 894 qnorum

89 895 217 1010 {2303}ss
233 900 275 1004 {1⁰2
303 908 467 1003 regimen
494 911 683 982 consensio
711 919 856 982 tantum
883 922 949 1000 est,
969 912 1045 984 sive
1069 913 1196 985 multae
1214 911 1345 983 volun-

89 1024 290 1070 mmmmm·
302 1032 398 1094 tates
417 1021 465 1094 ad
488 1046 603 1095 unum
628 1024 833 1118 objectum;
861 1047 936 1096 non
958 1035 1002 1097 ut
1028 1024 1066 1096 in
1085 1025 1235 1097 civitate
1253 1045 1345 1120 opus

188 1200 191 1208 .
304 1146 369 1223 est,
381 1158 455 1207 una
470 1135 650 1208 voluntas.
701 1136 839 1207 Verum
857 1146 911 1208 est
928 1135 967 1208 in
980 1136 1157 1208 creaturis
1176 1136 1248 1208 illis
1267 1135 1345 1208 solo

304 1270 414 1320 sensu
431 1258 468 1319 et
486 1248 652 1344 appetitu
665 1248 885 1337 viventibus,
905 1249 1185 1321 consensionem
1203 1250 1345 1322 animo-

305 1384 387 1433 rum
405 1360 457 1434 ita
475 1385 552 1434 esse
567 1360 780 1450 durabilem,
799 1372 842 1433 ut
859 1361 961 1434 nulla
978 1362 1102 1434 aliare
1120 1385 1213 1458 opus
1231 1362 1282 1434 sit
1299 1362 1347 1435 ad

303 1498 396 1563 eam,
424 1485 472 1563 et,
500 1499 545 1547 ex
568 1474 817 1570 consequenti,
836 1473 883 1547 ad
910 1499 1038 1571 pacem
1063 1475 1160 1547 inter
1188 1499 1227 1548 se
1259 1499 1347 1548 con-

303 1587 532 1677 servandam,
550 1593 797 1684 praeterquam
823 1587 983 1660 naturali
1009 1611 1135 1660 eorum
1164 1589 1345 1684 appetitu.

303 1702 347 1774 In
360 1701 570 1774 hominibus
588 1713 712 1774 autem
730 1700 836 1774 aliter
853 1724 911 1774 res
926 1724 964 1773 se
980 1700 1105 1774 habet.
1159 1701 1258 1774 Nam
1272 1702 1348 1798 pri-

302 1839 374 1904 m0,
392 1815 489 1887 inter
502 1814 668 1887 homines
686 1811 873 1886 certamen
892 1825 948 1886 est
964 1814 1115 1886 honoris
1130 1826 1168 1886 et
1186 1813 1348 1910 dignita

305 1927 373 2011 tis;
401 1928 499 2000 inter
515 1927 651 2001 bestias
669 1951 745 1999 non
769 1938 846 2000 est:
860 1926 971 2027 ‚unde
989 1927 1112 2000 odium
1130 1936 1168 1999 et
1186 1927 1346 2018 invidia,

305 2064 350 2115 ex
368 2042 501 2138 quibus
515 2041 679 2114 nascitur
697 2041 828 2114 seditio
847 2052 884 2112 et
896 2039 1044 2128 bellum,
1068 2041 1167 2114 inter
1178 2040 1349 2112 homines

304 2164 370 2238 est,
387 2154 484 2226 inter
501 2153 581 2228 illas
606 2176 681 2225 non
700 2164 767 2226 est.
821 2152 1003 2242 Secundo,
1022 2151 1209 2249 appetitus
1238 2163 1348 2224 natu-

302 2266 388 2338 ralis
406 2290 516 2362 apum
530 2277 568 2338 et
579 2266 750 2339 similium
765 2276 1014 2339 creaturarum
1028 2265 1236 2338 conformes
1250 2275 1348 2354 sunt,

304 2390 342 2452 et
368 2379 537 2452 feruntur
555 2379 603 2452 ad
624 2381 761 2452 bonum
787 2402 991 2468 commune,
1020 2377 1119 2474 qnod
1142 2378 1242 2450 inter
1268 2378 1349 2451 illas

304 2516 380 2565 non
414 2493 537 2567 differt
561 2517 584 2566 a
612 2493 782 2589 privat03
808 2491 949 2565 homini
979 2502 1103 2565 autem
1134 2490 1228 2564 nibil
1255 2515 1350 2588 pene

303 2629 372 2702 pro
389 2607 487 2680 bono
512 2607 680 2694 habetur,
699 2606 737 2678 in
755 2629 828 2702 quo
841 2630 916 2678 non
933 2606 981 2678 sit
995 2604 1193 2701 possessori
1208 2604 1350 2702 aliquid

304 2720 480 2816 praecipui
508 2731 545 2792 et
572 2719 695 2793 eximii
718 2741 794 2815 prae
821 2742 864 2791 eo
886 2718 986 2815 quod
1002 2717 1193 2815 possident
1210 2719 1349 2792 caeteri.

304 2833 442 2923 Tertio,
460 2833 671 2922 animantia,
691 2856 773 2929 quae
790 2833 971 2905 rationem
987 2856 1063 2905 non
1088 2832 1240 2921 babent,
1268 2832 1351 2904 nul-

303 2946 381 3019 lum
396 2946 580 3020 defectum
593 2945 731 3035 vident,
742 2945 801 3018 vel
816 2944 940 3018 videre
959 2968 998 3018 se
1014 2955 1158 3041 putant,
1173 2945 1214 3016 in
1232 2945 1352 3018 admi-

305 3059 520 3133 nistratione
547 3083 695 3132 suarum
720 3057 1088 3154 rerumpublicarum:
1116 3056 1180 3130 sed
1197 3057 1238 3130 in
1257 3057 1352 3130 mul-

305 3173 464 3246 titudine
492 3172 683 3245 hominurn
712 3170 861 3266 plurimi
890 3182 977 3243 sunt
1007 3170 1080 3266 qui,
1100 3193 1177 3266 prae
1205 3172 1352 3244 caeteris

307 3307 435 3379 sapere
453 3284 713 3373 existimantes
728 3293 908 3356 conantur
920 3306 979 3355 res
993 3306 1142 3371 novare,
1162 3294 1200 3356 et
1215 3282 1352 3356 diversi

306 3408 499 3471 novatores
517 3397 694 3470 innovant
712 3395 863 3469 diversis
879 3394 1021 3480 modis;
1040 3396 1079 3468 id
1090 3395 1191 3492 quod
1201 3406 1260 3469 est
1278 3396 1352 3470 dis-

306 3511 440 3584 tractio
459 3523 497 3583 et
513 3509 650 3583 bellum
669 3508 786 3582 civile.
840 3509 996 3598 Quarto,
1008 3509 1210 3582 animantia
1225 3509 1353 3600 bruta,

304 3635 507 3719 utcumque
524 3622 666 3719 possint
682 3621 782 3694 vocis
808 3645 883 3694 suae
900 3645 1009 3694 usum
1034 3622 1195 3718 aliquem
1211 3621 1352 3695 habere

306 3737 355 3810 ad
378 3735 659 3832 significandum
684 3734 780 3807 inter
799 3757 837 3807 se
858 3735 1013 3807 affectus
1031 3757 1129 3823 suos,
1148 3745 1279 3807 carent
1295 3748 1354 3810 ta-

306 3874 392 3924 men
410 3849 473 3922 illa
488 3850 684 3922 verborum
703 3858 801 3936 arte,
828 3871 910 3942 quae
926 3847 1131 3920 necessario
1149 3847 1354 3942 requiritur

306 3963 355 4036 ad
371 3963 666 4060 perturbationes
683 3961 796 4034 animi
809 3960 1058 4049 concitandas,
1076 3959 1263 4050 nimirum,
1280 3985 1356 4057 qna

306 4077 446 4150 bonum
461 4076 602 4164 melius,
620 4074 768 4160 malum,
787 4074 892 4170 pejus
910 4085 1193 4170 repraesentatur
1213 4074 1353 4166 animo,

308 4215 419 4288 quam
436 4213 564 4264 revera
581 4198 657 4262 est:
684 4186 841 4262 hominis
858 4199 981 4262 autem
998 4187 1125 4284 lingua
1142 4187 1234 4261 tuba
1252 4212 1356 4285 qnae-
