2848 4908
144 303 200 358 DE
215 301 363 358 onusto
382 303 616 358 ctvm'rutt
634 301 1009 358 DleOLVEN'l'lBUS·
1044 283 1118 366 287

70 467 184 544 tioulo
194 467 414 544 notavimus.
467 468 566 545 Num
576 467 836 568 perjudicium
847 478 1016 546 nostrum
1034 466 1120 544 boni
1150 501 1246 556 gnon,
1260 501 1314 554 m,

70 595 108 658 et
134 580 239 674 ntuli,
266 580 462 658 iooinms
452 583 534 682 tpsi,
562 592 605 659 ut
633 596 712 658 tam
741 581 952 660 obedientia
979 591 1119 672 nostra,
1162 579 1302 688 ,ΞΗ

69 719 182 794 quom
202 693 453 772 inobedientia
468 695 517 773 sit
532 705 739 795 peceatum.

119 817 157 884 3
182 808 310 884 'lertio
319 806 489 884 doetrim
500 807 676 884 seditiosa
689 809 735 884 ab
750 807 880 882 eadem
896 805 1021 882 radice
1038 818 1122 882 orta
1149 817 1333 878 lammae

69 933 126 996 eat
127 921 446 1020 ‚tyrannicidium
463 946 546 996 esse
564 921 720 998 licitum.
773 923 851 997 lmo
864 919 976 996 bodie
992 944 1120 997 anon·
1148 884 1232 996 ili*
1226 885 1335 1010 meti

69 1033 1121 1132 nullathaologaetol1mabomn1bnsophistisrlaoone,

70 1147 283 1238 Aristotele,
302 1147 491 1235 Cicerone,
511 1148 663 1240 Seneca,
680 1147 889 1238 Plutarcho,
904 1147 1121 1246 eaeoensqne

69 1261 210 1336 Greeoae
226 1271 266 1334 et
290 1259 467 1336 Romanu
484 1260 669 1336 onorobiae
684 1259 904 1351 fautoribus,
921 1282 999 1335 non
1011 1260 1122 1338 modo

69 1373 225 1466 licitum,
244 1372 311 1448 sed
327 1374 440 1449 ιιὶιιιι
459 1374 620 1450 maximo
636 1372 746 1450 laude
764 1372 918 1470 dignum
935 1373 1121 1450 existimo

69 1497 150 1560 tum
172 1497 241 1560 ιιι.
299 1485 558 1584 Tyrannorum
584 1499 709 1562 autem
732 1487 882 1562 nomine
908 1487 1122 1584 intelligunt

70 1622 145 1674 non
162 1599 284 1674 solnm
299 1599 530 1688 monarchas,
543 1597 610 1674 sed
622 1623 750 1676 omnes
767 1622 831 1676 eos
849 1599 912 1698 qui
926 1601 1121 1698 imperium

69 1733 256 1788 summum
284 1711 322 1786 in
349 1735 572 1810 quoeunque
601 1735 738 1808 genere
760 1713 921 1789 civitatis
946 1713 1121 1790 adminis-

70 1835 184 1900 trant.
238 1824 325 1900 Non
347 1825 448 1900 enim
465 1825 622 1902 Athenis
652 1826 861 1900 Pisistratus
886 1837 1044 1918 tantum,
1058 1828 1122 1924 qni

69 1937 169 2014 solus
193 1939 388 2038 imperium
412 1939 554 2032 hebuit,
572 1938 637 2015 sed
664 1951 751 2038 post
768 1962 854 2015 eum
869 1939 1024 2036 triginta
1038 1940 1121 2032 viri,

69 2053 134 2150 qui
164 2053 274 2129 simul
303 2051 483 2130 dominati
506 2065 604 2144 sunt,
631 2052 767 2151 singuli
792 2051 948 2152 tyranni
974 2053 1122 2152 appela-

69 2165 217 2240 bantur.
271 2164 404 2256 Sedis,
422 2189 532 2264 quem
549 2165 681 2254 oooidi,
695 2177 738 2240 ut
748 2175 959 2264 tyrannum,
979 2167 1120 2260 volunt,

69 2277 128 2354 vel
154 2280 241 2378 jure
267 2279 437 2378 imperat,
455 2279 514 2354 vel
540 2280 679 2378 absque
692 2280 799 2378 jure:
826 2279 858 2354 si
875 2279 1012 2378 absque
1024 2281 1121 2380 J'ure,

70 2393 188 2468 bostis
202 2405 270 2486 eat,
288 2405 326 2468 et
339 2395 423 2493 jure
440 2393 642 2478 oooiditurz
661 2391 727 2468 sed
744 2391 817 2468 diei
830 2392 942 2468 debet
956 2393 1028 2469 hoo
1045 2417 1121 2470 non

72 2506 378 2604 tyrannicidium,
397 2506 463 2582 sed
479 2505 744 2582 ieotioidium:
770 2505 802 2581 si
821 2507 905 2605 jure
927 2505 1123 2604 imperium

71 2619 226 2712 obtinet,
245 2620 368 2696 looum
388 2619 502 2696 habet
517 2618 759 2716 interrogatio
778 2617 913 2708 divina,
928 2618 1014 2718 quie
1027 2617 1125 2694 indi·

72 2732 173 2808 eooit
190 2731 274 2822 tibi,
292 2731 396 2832 quod
410 2739 594 2832 tyrannus
611 2741 723 2824 esset,
741 2731 816 2806 nisi
828 2730 931 2832 quod
941 2755 988 2804 eo
1005 2731 1124 2830 liguo,

73 2845 119 2918 de
135 2869 210 2944 quo
220 2868 488 2946 preceperant
502 2843 574 2921 tibi
590 2870 636 2920 ne
654 2844 879 2934 conroderet,
892 2843 1088 2920 cometen·
1102 2849 1123 2920 l

74 2957 200 3032 Quare
208 2957 308 3032 enim
318 2957 480 3056 appellas
489 2969 531 3032 tu
544 2967 754 3056 tyrannum,
765 2980 874 3054 quom
885 2956 984 3032 Dens
995 2979 1124 3054 regem

73 3069 171 3162 feeit,
187 3070 261 3146 nisi
277 3081 332 3162 ιιι,
345 3069 511 3168 privatus
533 3069 725 3162 exsistens,
744 3069 994 3166 cognitionem
1020 3069 1069 3146 ad
1086 3081 1124 3146 te

74 3183 197 3258 trabas
215 3183 302 3258 boni
324 3195 362 3258 et
377 3182 470 3258 moli
482 3188 503 3259 l
556 3183 678 3260 Quam
702 3183 908 3280 pernicioso
922 3207 1011 3259 vero
1035 3183 1125 3260 eivi-

74 3296 224 3388 tatibns,
241 3297 544 3395 praesertimvero
562 3296 802 3388 nwnorobiia,
821 3296 948 3397 opinio
965 3297 1046 3376 haeo
1064 3298 1123 3388 sit,

75 3433 119 3482 ex
136 3434 180 3486 eo
197 3409 306 3486 iaoile
324 3409 553 3506 intelligitur,
570 3408 672 3508 quod
687 3433 754 3507 per
770 3433 853 3485 eam
869 3410 1024 3508 quilibet
1041 3435 1123 3502 ren,

76 3522 151 3596 sive
168 3523 286 3598 malus
303 3522 380 3598 sive
396 3523 528 3614 bonus,
547 3523 655 3598 unius
680 3523 803 3598 sicarii
824 3535 863 3600 et
876 3524 1017 3622 judicio
1034 3548 1123 3599 oon·

77 3635 304 3711 demnondua
320 3645 359 3710 et
375 3658 489 3711 manu
503 3635 730 3734 jugulandus
748 3636 957 3734 exponitur.

126 3759 162 3824 4
188 3750 333 3826 Quone
361 3749 529 3824 societati
554 3748 653 3824 oivili
681 3749 836 3824 adversa
852 3749 977 3848 opinio
995 3771 1121 3824 eorum
1135 3779 1167 3824 su
1152 3778 1203 3838 nab]
1191 3783 1308 3824 aaa„

78 3873 147 3952 est,
175 3864 238 3960 qui
266 3873 419 3938 oensent
446 3861 595 3962 legibus
618 3861 791 3938 ciuilibus
822 3861 967 3958 subject
968 3885 1010 3936 oa
1039 3842 1337 4018 eeseffiffiffl‘ss?

78 3974 190 4048 etium
215 3999 279 4049 eos
303 4000 369 4075 que
362 3973 531 4050 habent
551 3998 725 4050 summum
739 3974 945 4076 imperium.
999 3973 1120 4050 Quam
1134 3974 1312 4098 'affl‘
1274 3989 1329 4084 „42

73 4107 200 4164 veram
226 4112 304 4165 non
336 4111 415 4164 esse
441 4088 530 4164 satis
556 4099 744 4164 ostensum
775 4101 832 4162 ιιι
855 4109 978 4184 supra,
1003 4086 1190 4185 capiteom-
1206 4103 1286 4162 otuu

80 4211 182 4276 sexto
206 4202 362 4280 ortioulo
389 4201 725 4300 quartuordecimo,
744 4225 788 4276 ex
806 4225 851 4276 eo
869 4201 968 4298 quod
993 4201 1123 4278 civitae
