2912 4912
104 489 203 541 SECT.
215 490 253 542 11.

110 568 255 672 L

299 277 369 342 118
685 295 739 346 nn
759 295 944 347 noumn.

294 456 334 530 in
344 458 566 554 paucissima
574 459 687 532 verba
699 460 932 550 contrahens,
943 460 1026 534 dico
1036 459 1186 558 ingenia
1196 458 1349 556 quidem

295 571 395 643 bona
409 594 490 644 esse
514 596 568 661 ea,
587 596 669 667 quae
687 572 821 645 idonea
845 585 933 647 sunt
955 573 1125 647 societati
1148 572 1250 646 civili
1271 571 1350 644 ine-

296 684 429 770 undae;
448 694 488 757 et
503 709 623 758 mores
639 686 768 774 bonos,
786 686 825 759 id
842 698 909 776 est,
923 688 1079 760 virtutes
1097 687 1267 771 morales
1285 708 1348 758 eos

297 821 376 871 esse
399 787 531 892 quib'us
548 798 641 871 inita
658 798 796 895 optime
820 799 1030 872 conservari
1053 809 1188 894 potest.
1251 797 1349 870 Con-

297 911 409 984 tineri
426 923 551 984 autem
568 911 723 985 virtutes
742 937 869 987 omnes
886 914 926 985 in
939 913 1084 1010 justitia
1097 925 1136 986 et
1153 913 1347 986 charitate.
1445 951 1446 1000 3

298 1024 408 1098 Unde
434 1025 590 1120 intelligi
614 1025 725 1097 etiam
751 1036 875 1122 potest
901 1026 1051 1122 ingenia
1074 1026 1133 1100 his
1160 1025 1350 1098 contraria
1445 1011 1446 1018 ἵ

298 1162 412 1234 prava
426 1161 526 1222 esse;
545 1147 583 1210 et
595 1162 716 1211 mores
733 1139 936 1212 contrarios
946 1139 1109 1233 vitiaque
1122 1138 1250 1212 omnia
1263 1161 1351 1210 con-

299 1251 411 1328 tineri
428 1249 467 1322 in
483 1250 664 1345 injustitia
681 1262 720 1322 et
736 1252 859 1324 animo
874 1251 922 1324 ad
935 1253 1055 1325 aliena
1072 1252 1170 1326 mala
1185 1251 1349 1347 stupido,

300 1364 339 1437 id
357 1375 424 1453 est,
441 1365 481 1436 in
499 1363 647 1437 defectu
664 1365 866 1438 charitatis.

731 1655 927 1666 —n--u

731 1669 927 1684 ἡ

680 1859 843 1934 CAPUT
867 1859 970 1933 XIV.

660 2035 715 2084 nn
744 2034 992 2085 numerous.

308 2181 334 2234 l.
365 2175 525 2251 Religionis
549 2174 688 2232 delinitio.
727 2179 756 2234 2.
786 2173 896 2234 Amare
924 2184 954 2234 et
973 2177 1075 2233 timere
1095 2174 1193 2232 Deum
1215 2175 1290 2250 quid
1309 2176 1354 2231 sit

344 2273 371 2326 3.
387 2267 471 2325 Fides
482 2267 560 2344 quid.
600 2271 630 2325 4.
645 2267 728 2325 Fides
739 2268 882 2344 dependet
895 2287 913 2325 a
925 2268 1047 2344 legibus.
1086 2270 1115 2326 5.
1128 2266 1147 2324 J
1150 2267 1249 2322 ustitia
1260 2285 1279 2323 a
1289 2266 1354 2324 Deo

342 2359 478 2417 cordibus
497 2358 648 2433 insculpta.
688 2363 716 2419 6.
737 2357 820 2417 Deus
839 2367 959 2435 peecata
979 2359 1123 2415 remittere
1137 2358 1199 2414 sine
1213 2357 1356 2434 injustitia

343 2459 447 2528 potest,
470 2452 549 2509 nulla
571 2459 673 2509 exacta
693 2471 789 2527 poena.
829 2453 858 2515 7.
878 2451 1009 2509 Neminie
1030 2469 1119 2525 opera
1131 2449 1213 2526 justa
1233 2459 1356 2525 peccata

343 2553 417 2602 sunt
458 2547 486 2602 8.
502 2543 603 2602 Cultus
617 2543 746 2601 definitio
764 2551 794 2601 et
813 2543 924 2600 divisio.
964 2547 993 2603 9.
1008 2541 1111 2600 Cultus
1124 2542 1260 2617 publicus
1274 2542 1354 2618 quid.
1448 2611 1449 2620 χ

345 2642 392 2697 10.
412 2636 514 2695 Cultus
526 2643 631 2710 partes,
649 2653 758 2710 preces,
778 2636 935 2710 gratiarum
949 2635 1085 2702 actiones,
1102 2633 1214 2710 jejunia
1226 2635 1355 2709 publiea,
1448 2631 1449 2642 ¹

343 2729 428 2787 dona.
471 2732 516 2786 11.
537 2726 642 2784 Cultus
655 2727 842 2801 superstitiosi
858 2727 939 2782 varii.
982 2729 1028 2784 12.
1050 2725 1190 2784 Cultuum
1203 2725 1272 2784 finis
1290 2728 1356 2802 quis

343 2821 511 2879 mortalibus
521 2820 611 2877 futuri
624 2820 724 2877 anxiis.
767 2822 813 2877 13.
835 2819 908 2883 Quae
919 2819 976 2876 sint
986 2837 1052 2895 quae
1062 2817 1216 2894 religiones
1230 2827 1356 2877 mutant.

310 2963 342 3028 l.
367 2955 547 3028 Rnn1e1o
564 2960 622 3024 cst
642 2950 837 3040 hominum,
858 2949 923 3047 qui
938 2951 1059 3022 Deum
1072 2950 1221 3023 sincere
1239 2951 1355 3023 horro-

306 3077 408 3156 rant,
426 3065 550 3139 cultus
568 3074 757 3137 externus.
795 3063 916 3136 Deum
933 3076 1057 3137 autem
1075 3065 1219 3138 sincere
1235 3066 1356 3139 hono·

306 3190 402 3268 rent,
422 3179 485 3275 qui
501 3178 605 3250 illum
617 3201 693 3250 non
706 3176 818 3250 modo
836 3177 1004 3267 existere,
1022 3178 1088 3251 sed
1102 3179 1215 3252 etiam
1228 3203 1356 3252 rernm

307 3294 472 3368 omnium
490 3292 780 3387 omnipotentem
798 3301 836 3364 et
852 3291 1073 3366 omniscium
1090 3302 1301 3366 creatorem
1318 3303 1355 3364 et

306 3417 503 3496 rectorem,
530 3416 568 3478 et
591 3414 771 3501 praeterea
794 3428 919 3478 rerum
943 3429 1202 3502 prosperarum
1229 3415 1269 3479 et
1291 3406 1356 3478 ad-

307 3543 495 3594 versarum
521 3518 672 3591 arbitrio
699 3542 766 3591 suo
793 3517 1070 3592 distributorem
1087 3543 1166 3592 esse
1183 3519 1356 3594 credunt.

309 3636 438 3730 Itaque
454 3630 640 3728 religionis
658 3630 882 3727 simpliciter,
900 3631 1025 3720 idest,
1051 3632 1244 3722 naturalis,
1273 3634 1355 3707 duae

308 3758 394 3823 sunt
410 3757 535 3843 partes
549 3776 559 3829 ;
587 3767 741 3840 quarum
758 3745 876 3817 altera
893 3754 949 3818 est
962 3745 1082 3839 fider,
1109 3744 1184 3818 sive
1203 3746 1356 3818 credere

307 3863 429 3936 Deum
449 3883 528 3932 esse
546 3868 584 3932 et
601 3857 724 3931 omnia
745 3858 963 3952 gubernare,
990 3857 1108 3931 altera
1132 3869 1191 3931 est
1217 3858 1355 3932 cultus.

309 3974 414 4049 Prior
427 3983 551 4046 autem
573 3994 659 4067 pars
676 3969 749 4061 illa,
768 3969 814 4042 de
831 3969 904 4043 fide
919 3970 958 4042 in
974 3971 1108 4061 Deum,
1121 3971 1248 4045 vocari
1262 3973 1358 4047 solet

302 4087 436 4186 pietas
454 4109 542 4181 erga
556 4084 687 4157 Deum.
740 4082 837 4155 Nam
855 4082 918 4179 qui
935 4083 975 4156 id
991 4084 1120 4175 credit,
1135 4109 1213 4158 non
1230 4097 1358 4182 potest

308 4225 384 4275 non
402 4199 527 4275 conari
543 4199 582 4271 in
599 4199 708 4270 rebus
725 4198 893 4271 omnibus
910 4197 963 4270 illi
980 4199 1141 4290 obedire,
1168 4223 1290 4297 neque
1303 4200 1357 4274 illi
