2904 4912
304 281 386 347 '354
499 236 502 244 Ι
532 357 534 364 y
741 293 929 346 austero.

120 499 215 548 sacr,
231 499 280 550 111,
314 464 414 538 Deus
440 461 566 559 pretio
588 472 627 534 et
651 484 717 557 per
734 469 968 535 contractura
985 459 1188 559 acquirere,
1207 459 1362 556 promit-

130 575 273 682 ᾧ
314 577 427 650 tendo
456 575 596 649 scilicet
614 575 825 649 Abrahamo
853 598 1010 672 regnum
1039 587 1150 649 terrae
1170 574 1362 662 Chanaan,

311 692 384 767 hac
401 690 494 786 lege,
518 700 563 761 ut
580 687 763 784 acciperet
784 712 869 763 eum
885 712 953 786 pro
971 689 1051 762 Deo
1069 712 1149 779 suo,
1169 711 1256 762 cum
1281 688 1364 784 jure

311 803 473 890 naturali
494 800 534 875 id
554 803 632 896 jam
648 811 734 874 ante
757 802 879 876 esset?
932 802 1009 877 Illis
1027 803 1152 898 itaque
1168 801 1307 890 verbis,
1325 809 1365 872 at

315 918 385 1008 sira
402 916 508 988 Deus
537 923 622 987 tures
648 923 686 996 et
716 914 869 988 sentinis
887 915 944 990 tui
966 925 1059 1014 post
1090 925 1140 1005 te,
1159 939 1238 988 non
1255 913 1365 988 intel-

315 1031 442 1127 ligitur
473 1029 643 1103 satisfieri
676 1029 764 1104 huic
790 1039 912 1127 pacto
946 1030 993 1103 ab
1031 1029 1259 1118 Abraham,
1288 1026 1367 1100 sola

317 1143 507 1241 agnitione
523 1141 716 1239 potestatis
734 1153 771 1216 et
789 1141 953 1232 dominii,
969 1141 1069 1238 quod
1082 1142 1182 1216 Deus
1196 1142 1312 1215 habet
1328 1140 1366 1212 in

317 1256 485 1331 homines
518 1255 747 1346 naturaliter,
778 1257 850 1330 hoc
879 1267 945 1346 est,
976 1256 1213 1353 agnoscendo
1245 1256 1366 1329 Deum

318 1369 520 1459 indefinite,
548 1367 648 1465 quod
665 1369 828 1442 rationis
845 1369 1036 1444 naturalis
1067 1380 1145 1454 est;
1172 1369 1240 1442 sed
1258 1391 1367 1466 opor·

318 1495 397 1558 tere
415 1507 499 1556 eum
516 1504 716 1578 agnoscere
734 1481 887 1556 definite
914 1481 1030 1568 illum,
1048 1483 1112 1578 qui
1130 1482 1279 1556 dixerat
1295 1479 1365 1578 ipsi

322 1599 428 1690 (Gen.
456 1595 519 1669 xii.
554 1596 616 1691 l):
644 1594 850 1693 Egredere
868 1595 916 1670 de
939 1605 1143 1684 terrama,
1162 1608 1237 1669 etc.
1259 1595 1365 1689 (Gen.

317 1711 394 1786 xiii.
418 1708 478 1804 14)
498 1735 507 1780 ε
535 1707 641 1782 Lena
657 1709 797 1800 oeulos,
815 1720 886 1784 eto.
914 1709 977 1806 qui
994 1709 1165 1806 apparuit
1182 1709 1229 1798 ei,
1260 1708 1366 1802 (Gen.

318 1824 417 1898 xviii.
436 1833 468 1913 l,
482 1821 542 1917 2):
568 1822 636 1896 sub
651 1822 773 1920 specie
783 1822 896 1897 trium
905 1822 1071 1901 virorum
1084 1821 1312 1896 coelestium:
1331 1833 1367 1894 et
1442 1811 1443 1824 ’

322 1938 428 2031 (Gen.
446 1960 505 2010 xv.
528 1935 579 2031 l),
593 1959 660 2032 per
672 1935 872 2010 visionem:
900 1945 939 2009 et
958 1935 1068 2030 (vers.
1089 1927 1164 2029 13),
1178 1959 1247 2032 per
1271 1959 1367 2009 som-

319 2051 443 2124 nium:
471 2048 678 2145 quodfidei
695 2060 764 2124 est.
793 2050 878 2128 Qua
896 2049 1017 2146 specie
1035 2049 1250 2146 apparuerit
1267 2050 1367 2122 Deus

319 2165 542 2254 Abrahamo,
561 2162 660 2259 quali
683 2187 772 2237 sono
801 2187 885 2237 eum
903 2164 1114 2259 alloquutus
1133 2163 1192 2251 sit,
1210 2185 1289 2236 non
1307 2187 1367 2236 ex-

319 2278 488 2374 plicatur.
540 2275 696 2350 Constat
730 2288 854 2350 tamen
885 2276 1084 2350 credidisse
1115 2276 1367 2350 Abrahamum

319 2415 447 2464 vocem
456 2389 556 2464 illam
565 2388 810 2464 firissevocem
821 2389 890 2464 Dei
904 2400 942 2464 et
954 2388 1220 2466 revelationem
1231 2413 1367 2474 veram,

320 2514 359 2576 et
375 2502 532 2578 voluisse
550 2503 665 2576 esuis
684 2504 755 2578 coli
771 2503 888 2595 illum,
907 2503 970 2600 qui
985 2502 1037 2578 sic
1055 2527 1139 2578 eum
1157 2503 1367 2600 alloquutus

321 2627 412 2706 erat,
428 2639 497 2712 pro
515 2616 594 2689 Deo
608 2616 768 2690 universi
782 2627 966 2700 creatore;
983 2615 1167 2727 fidemque
1182 2617 1263 2712 ejus
1277 2617 1316 2688 in
1326 2639 1368 2688 eo

320 2729 428 2802 sitam
452 2728 576 2818 fuisse,
593 2752 669 2802 uon
697 2728 797 2824 quod
822 2727 1020 2803 crediderit
1037 2727 1159 2801 Deum
1184 2753 1281 2817 esse,
1305 2743 1369 2802 aut

320 2841 359 2915 in
376 2842 566 2939 promissis
588 2865 758 2915 veracem
772 2865 866 2930 esse,
881 2841 919 2915 id
939 2841 1208 2939 quodcredunt
1219 2866 1368 2924 omnes3

322 2954 387 3027 sed
404 2952 504 3051 quod
520 2977 597 3028 non
615 2953 838 3028 dubitaverit
856 2956 976 3028 Deum
998 2954 1111 3031 fuisse
1129 2954 1247 3045 illum,
1267 2957 1370 3051 cujus

321 3092 451 3142 vocem
469 3078 506 3142 et
522 3067 704 3165 promissa
720 3068 901 3143 audierat.
952 3069 1001 3142 Et
1017 3067 1139 3141 Deum
1155 3067 1370 3150 Abrahunn'

323 3180 543 3277 significare,
571 3204 647 3255 non
677 3179 892 3278 simpliciter
921 3180 1054 3270 Deum,
1074 3181 1139 3255 sed
1157 3179 1282 3254 Deum
1311 3181 1356 3254 ill
1363 3181 1371 3196 '

324 3304 573 3391 apparentem
585 3320 599 3377 ;
626 3293 938 3391 quemadmodum
956 3294 1087 3383 cultus,
1113 3317 1224 3390 quem
1251 3296 1371 3368 Abra·

323 3409 454 3481 hamus
483 3406 639 3482 debebat
666 3408 758 3498 Deo,
788 3431 831 3481 eo
859 3407 1009 3480 nomine
1032 3431 1107 3481 non
1137 3420 1220 3481 erat
1251 3409 1370 3482 cultus

275 3515 278 3522 ’
323 3519 501 3612 rationis,
520 3522 585 3596 sed
601 3521 804 3621 religionis
822 3533 859 3596 et
876 3521 979 3616 fidei
990 3549 1005 3606 ;
1031 3545 1100 3594 nec
1125 3545 1237 3617 quem
1255 3523 1369 3611 ratio,

323 3635 389 3709 sed
407 3659 518 3733 quem
531 3636 631 3710 Deus
648 3635 1000 3735 supernaturaliter
1013 3635 1253 3710 revelaverat.

112 3759 290 3868 ffisrffiuq
375 3759 409 3822 5.
437 3749 556 3845 Leges
575 3761 700 3822 autem
717 3747 928 3824 Abrahamo
951 3774 974 3822 a
1001 3748 1092 3838 Deo,
1110 3750 1169 3822 vel
1186 3750 1234 3824 ab
1253 3750 1371 3822 Abra-

111 3890 212 3942 neuur,
228 3851 298 3933 are'
324 3864 434 3937 hamo
450 3862 599 3936 familiae
623 3886 699 3936 suae
715 3862 865 3959 positas,
892 3874 981 3936 tuno
998 3863 1057 3935 vel
1074 3873 1169 3958 post,
1188 3863 1371 3936 seculares

111 3957 314 4076 ssffiffi'
325 3977 383 4050 vel
401 4000 535 4067 sacras,
555 3986 712 4073 excepto
727 3976 902 4060 mandato
916 3975 962 4049 de
976 3975 1261 4050 circumcisione
1274 3975 1372 4073 qnod

111 4083 303 4194 ffiffifflm·
324 4089 460 4187 inipso
480 4100 602 4188 pacto
620 4089 841 4179 continetur,
866 4089 985 4172 nullas
1002 4087 1169 4184 legimus.
1222 4089 1280 4162 Ex
1299 4112 1370 4184 quo

325 4203 560 4278 manifestum
578 4215 646 4294 est,
663 4225 738 4278 non
758 4201 985 4288 fuissemus
1007 4201 1107 4297 leges
1134 4211 1200 4284 aut
1217 4201 1370 4290 cultum,
