2828 4912
391 303 847 364 unuomrsumommo.
1069 291 1130 362 tot

106 469 136 548 iti
151 471 308 552 iaciunt,
361 475 546 576 Quicquid
564 499 652 576 orgo
668 475 758 554 iuuit
779 474 909 576 uliquis
926 473 963 552 iu
980 497 1138 575 persons
1173 505 1268 562 snos-0
1283 507 1320 560 n.

104 589 187 686 ojus,
207 587 269 687 qui
289 589 546 688 repraesentari
572 591 619 666 ab
643 613 688 668 oo
712 613 788 666 nou
814 587 905 682 vuit,
926 589 1007 689 ipsi,
1024 587 1063 666 io
1081 599 1137 666 ost
1175 583 1317 694 ‚L

103 703 213 778 usuri
233 702 315 794 soii,
334 701 550 804 imputatur.
577 703 649 781 Soti
665 703 764 803 quod
778 703 934 804 jubente
950 701 1136 796 ulioiuuit,

102 829 203 892 sotus
217 817 381 916 jubentis
401 843 545 920 semper
561 830 631 910 ost,
648 817 713 894 sed
734 815 932 918 aliquando
950 815 1060 893 otium
1077 839 1135 893 ro·

101 931 368 1028 prasentautis,
385 931 423 1008 id
452 943 521 1024 ost,
538 931 730 1032 utriusque
757 941 836 1007 tum
863 929 1028 1008 authoris
1055 943 1134 1008 tum

100 1043 244 1120 sutoris,
295 1043 446 1120 Aathor
474 1045 571 1123 euim
605 1052 761 1122 uooatar
785 1043 831 1138 is,
860 1043 925 1144 qai
954 1043 1136 1120 actionem

99 1157 893 1260 quamsaot'taltusprosaahaborasaoolla
904 1155 1135 1234 declaravit:

99 1285 135 1346 ot
159 1271 222 1370 qui
252 1271 292 1346 in
328 1271 618 1371 possessionibus
654 1269 835 1364 doniam,
862 1271 901 1348 iu
929 1267 1135 1346 notionibus

98 1387 235 1460 author
264 1385 482 1485 appellatur,
544 1385 673 1484 ltaque
706 1385 967 1462 authoritatem
1000 1383 1135 1460 habero

99 1496 283 1590 dicuntur,
301 1499 364 1598 (fui
391 1497 479 1599 quid
497 1499 581 1600 juro
597 1498 740 1576 fatiunt
755 1497 887 1574 alienor
939 1495 1018 1574 Nisi
1037 1497 1135 1572 euim

98 1609 138 1700 is,
162 1611 226 1710 qui
259 1611 395 1688 author
420 1623 488 1705 ost,
508 1615 568 1712 jus
595 1611 730 1692 habeut
754 1609 887 1712 aguntii
914 1611 1003 1710 ipso,
1031 1621 1136 1686 autor

97 1723 229 1817 mandi
258 1725 521 1803 authoritatem
549 1749 624 1802 non
657 1725 782 1802 huba,
834 1725 963 1824 Itaque
992 1723 1022 1800 si
1053 1723 1135 1822 quis

97 1861 177 1912 aum
196 1849 325 1914 satore
341 1839 616 1938 puoisoutursol
635 1851 864 1916 contractum
880 1858 1134 1937 quemcunque

96 1949 237 2044 ierant,
254 1953 398 2030 uosoius
420 1977 468 2031 an
493 1953 754 2032 authoritatem
772 1951 906 2029 habeut
922 1972 1050 2042 naono,
1067 1973 1134 2026 suo

96 2063 261 2162 perianio
277 2063 315 2142 id
332 2065 436 2144 iuuit,
488 2063 598 2145 Quod
616 2065 646 2142 si
665 2065 749 2164 quis
766 2064 916 2141 alterius
929 2063 1032 2162 jussu
1049 2085 1134 2162 poc·

96 2189 166 2270 out,
194 2187 353 2278 uterque
381 2189 522 2278 peoout,
550 2179 638 2278 quia
666 2189 797 2254 nautor
820 2178 904 2277 juro
925 2177 1038 2264 {coitu
1065 2173 1135 2252 nisi

97 2293 193 2368 {otto
220 2291 351 2370 civitas
377 2293 543 2394 jusserit,
574 2291 629 2368 ito
657 2303 700 2368 ut
733 2313 902 2368 recusare
929 2301 1034 2367 sotor
1059 2310 1134 2366 nou

144 2527 180 2594 o
208 2515 331 2594 item
322 2541 359 2594 m
378 2517 647 2618 sponsionibus,
661 2539 816 2617 sponsor·
827 2539 1019 2616 personum
1038 2515 1133 2592 iilius
1146 2527 1268 2654 tuo-pp
1270 2543 1321 2654 wem

98 2628 217 2706 induit
242 2653 311 2730 pro
340 2653 414 2730 quo
441 2631 611 2730 spondet
660 2628 755 2707 Num
777 2629 876 2723 fidoi,
894 2653 1004 2729 quom
1022 2591 1197 2705 habaida

99 2741 307 2838 promissori
335 2742 365 2819 is
382 2767 444 2843 qut
433 2743 593 2836 crodit,
611 2744 745 2820 author
760 2757 828 2836 est,
851 2745 1028 2844 jubetque
1054 2765 1133 2818 oro·

101 2855 184 2932 uno
200 2879 268 2932 suo
285 2855 399 2958 ipsius
416 2859 602 2958 sponsoris
617 2857 794 2958 periculo,
822 2857 929 2934 Umio
942 2855 1134 2956 fidejussor

102 2967 241 3046 ututur,

149 3081 278 3183 Neque
306 3081 424 3160 solum
455 3084 566 3161 homo
593 3083 787 3184 singularis
819 3081 978 3160 hominis
1010 3082 1135 3182 singu·

102 3193 195 3286 iaris,
225 3195 291 3272 soti
322 3195 433 3272 utiam
464 3221 559 3274 uuus
589 3199 802 3290 multorum,
829 3209 868 3274 ot
893 3195 998 3274 multi
1025 3195 1134 3272 unius

101 3331 289 3404 personam
323 3331 451 3410 gotero
479 3321 645 3410 possunt.
711 3309 749 3387 Si
777 3309 874 3386 onim
902 3309 1135 3386 consentiant

102 3420 261 3498 homiues
273 3421 398 3522 piures
413 3433 467 3516 ut,
482 3421 657 3523 quioquid
674 3421 805 3500 ioourit
820 3445 914 3499 uuus
930 3421 1063 3524 aliquis
1075 3421 1133 3498 rol

103 3547 216 3610 ooetus
233 3557 277 3612 us
295 3535 474 3635 pluribus,
488 3533 525 3612 id
544 3558 583 3612 sa
600 3559 668 3636 pro
681 3535 830 3612 notione
845 3535 1134 3636 uniustmjusquu

103 3645 256 3744 ipsomm
273 3646 464 3726 habituros
480 3671 569 3740 osso,
587 3647 658 3724 orit
672 3647 920 3749 unusquisque
937 3647 1134 3740 actionum,

104 3779 190 3854 smus
206 3759 236 3836 is
251 3761 363 3838 hunno
379 3761 437 3836 soi
456 3773 573 3838 coatus
589 3759 711 3852 iooiot,
729 3759 883 3848 authoru
913 3783 1031 3858 nequo
1045 3780 1134 3856 orgo

104 3871 278 3950 arsionum
296 3874 408 3951 ullum
426 3873 570 3950 illorum
588 3897 759 3950 uouusuro
782 3884 916 3975 potest,
934 3873 1021 3972 quin
1041 3871 1135 3970 suip-

106 4005 181 4060 sum
197 3997 353 4064 uouusot
381 3987 474 4064 itum
490 4009 595 4088 rogos
608 4011 734 4064 omnus
750 3997 788 4064 ut
805 3987 994 4064 civitatum
1013 3984 1134 4085 cujus-

107 4115 242 4198 ‹uuquo
263 4099 408 4200 ponetis
421 4113 583 4178 suctores
598 4099 741 4192 summi,
756 4099 785 4176 si
800 4099 987 4176 dominum
1002 4121 1134 4196 ugnos-

110 4223 191 4286 cuut
206 4211 330 4308 Duum,
350 4213 417 4292 itui
435 4237 627 4314 porsonam
645 4223 789 4314 gerunt.
834 4211 1029 4313 Spuoiutim
1047 4235 1135 4288 voro

978 4347 1002 4402 κ
1022 4343 1037 4390 2
