2904 4912
234 303 288 354 nu
307 301 449 355 anano
470 301 542 354 nur
562 301 641 354 rna
661 299 827 354 sacrum
847 303 997 356 varus.
1067 290 1140 354 353

92 470 262 544 scieatice
291 471 376 545 boui
402 481 441 545 et
467 470 569 560 muli,
600 470 679 542 aiae
700 468 893 565 judicatio
921 471 969 543 de
991 469 1083 544 bauo
1103 482 1142 543 et
1171 509 1269 559 saca,
1284 509 1338 559 111,

93 583 193 656 malo
210 584 398 680 prohibita
411 585 469 675 sit,
483 585 558 659 rive
572 583 806 656 ususfructus
819 584 973 679 alicujus
984 585 1141 674 arborei,
1182 587 1327 690 ᾧ

95 698 216 770 Deum
238 698 443 795 postulasse
469 697 666 794 praeceptis
690 696 764 768 suis
782 695 1028 770 obedientiam
1056 698 1143 770 sim-

93 811 344 906 plicissimam,
362 811 440 883 sine
454 809 705 908 disputatione
722 832 771 881 an
789 807 918 881 bouum
934 810 995 883 vel
1007 811 1143 884 malum

93 937 192 995 esset
211 923 312 1020 quod
328 924 602 1020 praeciperetur.
655 923 810 994 Fructus
828 923 926 995 enim
940 923 1092 1014 arboria,
1110 924 1141 997 si

93 1037 312 1109 mandatum
329 1035 437 1127 absit,
450 1036 543 1108 nihil
558 1035 671 1108 habet
684 1035 723 1108 in
735 1046 870 1108 natura
882 1060 959 1127 sua,
974 1061 1047 1132 quo
1057 1061 1141 1110 esus

92 1152 173 1246 ejus
192 1151 381 1223 moraliter
398 1149 530 1238 mulus,
541 1150 613 1223 hoc
625 1162 692 1237 est,
704 1159 906 1246 peccatum
920 1173 998 1222 esse
1011 1151 1140 1248 possit.

144 1272 180 1336 3.
210 1265 363 1336 Pactum
393 1273 517 1336 autem
544 1263 642 1335 inter
671 1264 791 1335 Deum
821 1275 860 1337 et
889 1263 1140 1337 Abrahamum
1152 1260 1340 1372 ffifflffl*

92 1377 163 1449 hac
181 1376 340 1449 formula
353 1376 486 1448 initum
504 1386 559 1449 est
587 1376 693 1468 (Gen.
711 1374 798 1448 xvii.
817 1377 852 1464 7,
871 1377 910 1469 8)
930 1403 938 1447 :
966 1375 1141 1450 Statuam
1151 1404 1212 1434 mum
1222 1391 1321 1437 aram

84 1500 246 1587 pactum
264 1514 380 1562 meum
398 1489 497 1562 iuter
515 1514 571 1562 me
589 1499 627 1562 et
645 1499 694 1578 te,
721 1499 759 1562 et
777 1489 877 1561 iuter
900 1513 1022 1562 semea
1042 1500 1142 1564 tuum

85 1601 236 1701 postte
254 1603 292 1674 ia
307 1601 618 1700 generationibus
635 1601 715 1674 suis
725 1601 885 1699 foedere
901 1602 1141 1701 sempiterno,

93 1727 133 1789 ut
150 1716 223 1789 sira
240 1715 346 1788 Deus
364 1726 448 1788 tuus
466 1725 505 1788 et
521 1715 673 1788 seminis
698 1715 753 1788 tui
774 1725 868 1813 post
896 1715 989 1788 teia
1006 1717 1143 1814 serapi-

91 1839 261 1902 ternum:
290 1828 461 1926 daboque
479 1828 550 1902 tibi
567 1839 605 1902 et
619 1829 750 1902 semini
779 1839 840 1901 tuo
866 1839 1008 1902 terram
1028 1853 1142 1927 pere-

89 1941 326 2038 grinationis
345 1951 431 2029 tuce,
449 1965 587 2013 omnem
609 1950 753 2013 terram
774 1939 968 2030 Cbauaaa,
987 1941 1025 2014 iu
1047 1966 1141 2038 pos-

90 2055 295 2127 sessiouem
328 2063 521 2127 cateruam.
591 2053 676 2132 Quo
710 2076 797 2127 vero
833 2054 1065 2128 Abrahamus
1100 2067 1138 2130 et

91 2192 220 2240 semen
247 2168 325 2262 ejus
356 2167 570 2240 memoriam
603 2166 751 2240 foederis
779 2168 888 2264 hujus
923 2191 1141 2242 conservare

91 2291 229 2378 posset,
257 2279 466 2352 necessaria
495 2292 575 2354 erat
609 2279 705 2375 sigui
736 2280 932 2354 institutio.
984 2281 1143 2377 Adjecta

92 2420 183 2492 ergo
207 2405 263 2467 est
284 2405 394 2490 paeto
414 2394 660 2485 circumcisio,
679 2393 745 2467 sed
771 2404 896 2467 tamen
925 2405 968 2466 ut
995 2395 1142 2490 signum

90 2520 240 2582 tantum
267 2507 375 2600 (vers.
412 2507 498 2603 10):
524 2507 612 2580 Hoc
630 2517 688 2580 est
708 2517 868 2605 pactum
896 2533 1023 2594 mcum,
1042 2509 1144 2606 quod

88 2620 311 2695 observabis
330 2621 430 2724 iuter
447 2646 503 2693 rae
521 2630 559 2693 et
585 2631 635 2710 tc,
654 2629 692 2692 et
709 2643 831 2692 semea
851 2629 1060 2719 rumpuat
1077 2631 1140 2695 te:

89 2734 385 2809 circumcidetur
402 2759 449 2806 ea
471 2733 574 2807 uobis
601 2757 704 2807 omae
732 2733 984 2822 masculinum,
1010 2743 1049 2806 et
1067 2734 1141 2806 cir·

89 2848 313 2922 cumcidetis
332 2871 482 2920 caruem
492 2846 684 2946 praeputii
709 2846 839 2935 uestri·
857 2855 899 2919 ut
926 2845 979 2919 sit
1004 2846 1042 2920 ia
1059 2847 1140 2946 sig-

87 2987 175 3036 uum
192 2961 366 3059 soederis
393 2961 492 3034 iuter
509 2986 564 3033 rac
592 2970 630 3032 et
658 2983 732 3032 aas.
785 2960 938 3032 Pactum
956 2983 1043 3056 ergo
1071 2971 1138 3050 est,

86 3087 132 3149 ut
145 3075 379 3148 Abrahamus
402 3085 580 3172 agnoscat
598 3071 720 3144 Deum
736 3095 815 3145 esse
833 3074 954 3146 Deum
971 3074 1083 3170 ipsius
1102 3085 1139 3148 et

89 3188 241 3262 seminis
269 3190 358 3284 ejus
376 3190 447 3262 hoc
477 3197 544 3276 ost,
563 3185 617 3259 illi
642 3186 836 3260 submittat
853 3211 892 3260 se
910 3189 1138 3284 regendum

89 3315 129 3376 et
145 3314 190 3375 at
207 3302 308 3375 Deus
323 3303 386 3376 det
403 3302 615 3376 Abrahamo
629 3300 886 3374 haereditatem
899 3313 1010 3376 terrae
1026 3303 1135 3392 illiue,

89 3417 130 3489 in
160 3440 234 3511 qua
261 3428 350 3488 tunc
373 3416 576 3504 habitabat,
594 3413 660 3488 sed
689 3424 732 3487 ut
760 3415 997 3512 peregrinum
1023 3429 1138 3514 utque

90 3531 325 3604 Abrahamus
348 3531 387 3603 iu
413 3531 558 3626 signum
579 3528 791 3602 memoriale
816 3530 925 3627 hujus
950 3531 1051 3627 pacti
1074 3554 1138 3602 cu-

89 3654 193 3719 raret
212 3669 251 3716 se
265 3656 302 3717 et
319 3668 444 3717 semen
457 3646 535 3740 ejus
548 3642 792 3716 masculinum
806 3643 1036 3717 circumcidi.

109 3751 111 3758 ’
142 3768 178 3830 4.
208 3758 302 3830 Cum
328 3782 416 3831 vero
446 3758 689 3847 AbrahamuS,
718 3757 829 3830 etiam
858 3769 945 3831 ante
974 3765 1136 3854 pactum,
1151 3755 1303 3812 ¹¹¹1’w00ffl0

1150 3822 1276 3864 continetur
1286 3821 1345 3879 agni·

90 3873 214 3945 Deum
232 3871 442 3966 agnovisset
458 3871 587 3944 mundi
604 3879 810 3945 creatorem
833 3883 871 3944 et
895 3894 1044 3967 regem;
1071 3893 1136 3942 ne·
1150 3885 1181 3962 fif>
1192 3886 1292 3992 quaen

90 4010 163 4082 que
182 3986 282 4058 enim
299 3985 344 4056 de
362 3985 598 4074 easisteatia‚
614 4009 736 4080 neque
751 3984 796 4057 de
807 3985 1054 4083 procidentia
1068 3984 1137 4057 Dei
1150 3963 1205 4071 {iii
1214 3953 1331 4073 iiiiii

88 4123 256 4195 unquam
270 4097 452 4171 dubitavit
468 4129 476 4183 ;
505 4098 688 4194 quomodo
712 4098 937 4194 superfluum
953 4120 1028 4170 non
1047 4108 1136 4187 erat,
1149 4080 1337 4125 mmm

88 4212 193 4309 quod
228 4211 476 4286 obedientiam
509 4213 580 4286 sibi
613 4222 747 4286 natura
782 4211 946 4286 debitam
979 4211 1138 4285 voluerit

192 4347 283 4398 voL.
299 4346 345 4397 11.
969 4345 995 4397 A
1010 4345 1036 4397 A
