2896 4914
299 299 347 374 76
697 317 751 368 nn
771 317 953 368 nonme,

111 517 210 568 socr,
225 519 263 568 ῃ,
299 483 586 579 refringerentm
602 508 670 580 per
686 485 770 558 HD
788 496 827 558 et
843 486 923 559 KD
949 484 998 556 ad
1017 465 1183 557 centrum
1208 484 1340 556 retinae

113 596 256 698 „L
299 597 345 668 D.
386 597 495 669 Unde
507 598 613 669 fieret
628 609 673 670 nt
688 598 721 670 G
736 598 923 671 videretur
935 621 1011 669 non
1028 596 1137 669 modo
1151 596 1190 669 in
1206 596 1338 669 visuali

88 733 161 808 neus
170 734 271 789 imaginis
298 709 332 781 D
346 710 395 798 H,
409 709 474 782 sed
490 710 601 782 etiam
617 710 657 783 in
672 710 803 783 visuali
819 711 854 783 D
865 712 912 782 K.
962 711 1011 782 Et
1025 733 1093 804 per
1109 707 1264 781 eandem
1277 731 1339 780 ra-

86 799 287 920 ffiffiffi}
298 823 448 910 tionem,
466 823 657 918 quodlibet
681 823 782 896 aliud
807 833 986 919 punctum
1011 822 1175 917 ejusdem
1200 823 1339 917 objecti

297 936 337 1007 in
353 934 482 1008 eadem
498 937 629 1009 visuali
641 936 839 1026 videretur,
853 937 892 1008 in
907 959 979 1031 qua
987 935 1133 1008 videtur
1146 935 1339 1029 quodlibet

242 1077 247 1094 ·
297 1048 397 1121 aliud
413 1062 592 1144 punctum
609 1049 773 1144 ejusdem
795 1049 941 1144 objecti,
967 1049 1006 1121 id
1031 1047 1131 1142 quod
1147 1059 1204 1121 est
1218 1048 1339 1121 videri

299 1162 462 1252 confuse,
496 1173 534 1234 et
566 1164 606 1235 in
639 1164 777 1258 majore
811 1162 987 1236 distantia
1019 1162 1137 1256 magis
1172 1161 1337 1234 eonfirse.

300 1276 411 1349 Quod
444 1286 501 1349 est
532 1276 703 1372 primum.
766 1276 918 1366 Rursus
948 1275 1121 1371 quoniam
1150 1275 1338 1370 objectum

297 1390 379 1480 EF,
406 1390 482 1463 sive
498 1391 649 1487 propius
667 1389 812 1485 dioptro
829 1389 905 1462 sive
921 1390 968 1461 ab
993 1412 1036 1460 eo
1061 1388 1238 1461 remotius
1264 1397 1338 1460 sta-

297 1513 435 1593 tuatur,
461 1503 584 1575 lumen
606 1527 712 1575 suum
732 1502 845 1575 habet
865 1501 1149 1574 determinatum
1169 1499 1338 1595 (planum

297 1617 396 1688 enim
422 1640 542 1712 neque
568 1616 707 1713 colligit
731 1640 850 1712 neque
879 1616 1014 1688 minuit
1039 1615 1176 1708 lumen)
1202 1614 1337 1688 fortius

297 1740 384 1824 aget
392 1753 509 1825 prope
520 1727 750 1817 collocatum,
761 1753 871 1824 quam
883 1753 929 1801 ex
937 1727 1152 1823 longinquo.
1184 1726 1337 1800 Quanto

296 1865 385 1937 ergo
411 1843 597 1936 objectum
617 1843 794 1915 remotius
814 1842 999 1930 statuitm,
1024 1851 1130 1913 tanto
1151 1839 1337 1914 videbittn

297 1955 418 2026 minus
444 1955 596 2028 olamm.
649 1954 759 2029 Quod
785 1967 841 2027 est
867 1953 1080 2026 secundum.
1132 1951 1335 2041 Postremo,

298 2067 471 2163 quoniam
497 2069 679 2164 objectum
704 2068 788 2156 EF,
813 2067 851 2140 in
873 2067 1101 2162 quantalibet
1116 2066 1335 2156 remotione,

295 2181 442 2254 videtur
465 2204 608 2277 semper
633 2182 700 2253 sub
723 2179 854 2253 eodem
876 2180 1012 2275 angulo
1029 2179 1164 2253 visorio
1191 2181 1228 2251 H
1242 2180 1276 2252 D
1289 2181 1335 2268 K,

298 2303 337 2365 et
352 2316 419 2388 per
434 2292 557 2366 media
578 2293 718 2382 eadem,
740 2291 925 2366 videbitur
950 2315 1096 2388 quoque
1123 2315 1270 2387 semper
1296 2293 1334 2365 in

298 2405 437 2494 Mun,
471 2407 629 2503 ideoque
670 2408 709 2478 in
738 2407 868 2479 eodem
909 2425 1054 2502 semper
1084 2405 1179 2478 loeo.
1233 2407 1336 2480 Qua-

297 2529 460 2614 propter,
478 2519 510 2590 si
528 2518 575 2592 sit
589 2519 776 2617 dioptrum
792 2519 1081 2616 hyperbolicum,
1098 2529 1170 2590 eto.
1224 2519 1336 2592 Quod

160 2612 165 2627 ⁶
297 2643 377 2703 erat
394 2630 673 2705 ostendendum.

346 2743 496 2818 Adduxi
528 2754 652 2818 autem
689 2744 1008 2816 ratiocinationem
1040 2743 1137 2816 hano
1171 2745 1219 2818 ob
1254 2767 1335 2818 eam

296 2883 456 2947 cansam,
482 2857 582 2953 quod
604 2857 768 2930 viderem
790 2881 814 2928 a
834 2856 1020 2930 nonnullis
1037 2856 1183 2952 dioptra
1198 2879 1335 2954 magno

296 2972 421 3045 labore
436 2972 576 3043 frustra
585 2969 758 3043 fabricari
770 2967 1021 3065 hyperbolica3
1040 2994 1085 3042 ex
1097 2971 1335 3065 persuasione

295 3085 398 3172 falsa,
424 3084 524 3156 illam
552 3084 708 3179 figurem
735 3093 815 3154 tum
844 3081 1049 3180 telescopiis
1076 3094 1158 3154 tum
1182 3084 1336 3156 micros-

297 3198 412 3294 copiis
437 3195 712 3271 accommodam
729 3219 829 3281 esse;
854 3194 894 3267 id
912 3196 1008 3291 quod
1026 3218 1153 3268 verum
1171 3219 1249 3269 non
1267 3209 1333 3269 est.

298 3312 401 3384 Idem
419 3310 492 3384 dici
508 3323 633 3406 potest
650 3309 697 3383 de
714 3308 869 3405 dioptris
895 3307 1075 3402 elliptioiS,
1100 3317 1254 3406 propter
1279 3331 1336 3381 ra·

237 3477 241 3488 ·
297 3426 416 3498 tiones
426 3423 585 3496 easdem.
613 3424 833 3518 Quanquam
844 3421 892 3496 ad
904 3421 1193 3494 comburendum
1205 3424 1335 3520 figurae

297 3537 446 3626 eaedem,
473 3547 516 3609 ut
540 3559 651 3632 supra
673 3549 861 3610 ostensum
886 3545 954 3626 est,
981 3535 1144 3608 omnium
1169 3535 1246 3610 sint
1270 3559 1335 3632 op-

296 3652 457 3726 tissimae.
