2912 4912
183 309 253 376 150
471 323 684 376 ruarmo
703 324 759 375 An
777 323 1001 378 lucrosus.

175 523 274 599 rium
289 526 419 600 hebuit
435 525 534 600 Deus
550 528 589 602 in
603 527 753 603 ludaeos
768 528 952 626 peculiare
964 549 1032 626 per
1047 539 1198 626 paetum
1214 529 1313 602 anti-

177 699 291 772 quum
312 673 611 751 circumcisionis.
643 679 781 768 Tertio,
797 677 897 752 idem
918 701 994 751 non
1016 699 1224 796 repugnare
1236 679 1312 774 juri

177 825 315 917 divino,
333 837 512 923 quatenus
538 827 638 901 Deus
662 828 819 926 imperat
835 830 874 902 in
890 829 1117 904 Christianos
1133 849 1201 926 per
1225 829 1312 925 pac-

170 986 259 1050 ·tum
268 975 486 1074 baptismale
499 1005 509 1049 ε
536 977 702 1074 adeoque
707 979 770 1074 jus
785 977 878 1052 illud
889 1001 1114 1052 summorum
1126 979 1312 1076 imperan-

175 1126 282 1217 tium,
299 1127 375 1201 sive
392 1128 453 1223 jus
470 1125 639 1218 civitatis,
657 1151 743 1201 cum
766 1127 944 1226 religione
960 1129 1109 1202 omnino
1124 1152 1202 1202 non
1218 1151 1311 1225 pug-

176 1297 278 1350 nare.
328 1275 529 1366 Postremo,
555 1274 708 1350 ostendo
734 1299 817 1372 qnae
843 1276 964 1351 officia
985 1275 1034 1350 ad
1057 1275 1251 1350 introitum
1273 1277 1312 1350 in

176 1443 332 1521 reguum
344 1425 520 1500 coelcrum
531 1427 769 1524 requiruntur
784 1427 990 1500 necessario
1004 1451 1014 1510 ;
1040 1437 1151 1522 atque
1164 1449 1212 1500 ex
1227 1425 1310 1516 illis,

176 1571 433 1664 obedientiam,
447 1598 559 1671 qnam
568 1599 592 1649 a
602 1573 742 1648 civibus
759 1573 912 1672 singulis
928 1573 1144 1648 Christianis
1153 1573 1311 1670 principi

177 1748 245 1799 sno
262 1725 472 1799 Christiano
484 1724 611 1798 deberi
626 1726 902 1816 affirmaveram,
913 1724 1083 1820 religioni
1094 1723 1311 1797 Christiane

167 1897 382 1971 repugnare
409 1899 484 1949 non
500 1898 621 1973 posse,
645 1897 693 1949 ex
709 1873 911 1972 Scriptura
936 1897 1051 1947 sacrae
1079 1872 1311 1962 testimoniis,

177 2023 379 2098 secundum
394 2035 581 2121 receptam
597 2026 645 2100 ab
671 2027 841 2099 omnibus
857 2024 1211 2121 interpretationem,
1237 2024 1312 2098 evi-

177 2175 388 2250 dentissima
405 2174 617 2248 demonstro
631 2185 670 2248 et
686 2175 878 2249 concludo.

167 2341 171 2346 ·
227 2323 445 2399 Methodum
466 2323 634 2410 vidistis;
660 2347 808 2398 causam
828 2325 906 2421 jam
935 2333 973 2396 et
998 2319 1192 2396 consilium
1220 2323 1310 2395 scri-

176 2473 289 2548 bendi
314 2473 522 2570 accipitote.
583 2473 726 2546 Dabam
748 2493 898 2569 operam
926 2469 1167 2567 philosophie
1194 2470 1308 2542 animi

176 2645 298 2712 causa,
315 2623 466 2720 ejusque
483 2621 522 2694 in
537 2621 638 2694 omni
650 2644 787 2719 genere
804 2620 985 2694 elementa
999 2617 1121 2715 prima
1135 2637 1310 2714 congere·

169 2772 274 2859 bam,
283 2782 323 2845 et
338 2772 377 2844 in
393 2783 470 2844 tres
483 2772 662 2845 sectiones
673 2771 815 2869 digesta
825 2770 1004 2868 paulatim
1020 2769 1308 2858 conscribebam

175 2922 231 2995 ita
245 2932 290 2995 ut
303 2921 344 2994 in
355 2919 486 3018 prima,
501 2918 548 2993 de
559 2920 721 3016 Corpore
736 2917 1094 3016 proprietatibusque
1106 2915 1187 3012 ejus
1199 2937 1311 3013 gene-

176 3069 338 3154 ralibus;
362 3069 403 3144 iu
419 3069 591 3160 secunda,
609 3069 657 3143 de
674 3067 835 3142 Homine
859 3077 898 3140 et
913 3066 1150 3140 facultatibus
1166 3065 1308 3140 affecti·

175 3221 317 3315 busque
334 3219 412 3314 ejus
429 3218 644 3314 speciatim
670 3218 710 3291 in
725 3217 847 3307 tertia,
865 3216 912 3290 de
928 3217 1087 3290 Ciuitate
1096 3215 1310 3312 civiumque

177 3367 306 3441 officiis
334 3378 518 3465 ageretur.
585 3367 716 3464 ltaque
746 3367 861 3441 sectio
889 3365 1010 3464 prima
1034 3365 1308 3462 Philosophiam
1453 3339 1454 3350 ἵ

174 3517 334 3616 primam
362 3529 401 3592 et
425 3517 590 3615 Physieae
615 3517 797 3590 elementa
815 3516 955 3616 aliquot
983 3477 1172 3590 continet:
1198 3513 1239 3588 in
1263 3535 1309 3588 ea

176 3668 365 3766 temporis,
380 3668 464 3761 loci,
481 3691 614 3760 caueae,
629 3669 818 3766 potentia,
832 3631 1031 3756 relationis,
1046 3663 1307 3763 proportionis,

177 3819 404 3915 quantitatis,
424 3819 566 3918 figurae,
582 3829 705 3894 motus
729 3819 890 3895 rationes
918 3825 1189 3915 computantur.
1241 3813 1307 3888 Se·
1452 3909 1453 3918 Ν

178 3963 301 4040 cunda
328 3967 426 4042 circa
457 3966 768 4066 imaginationem,
808 3963 1034 4054 memoriam,
1067 3961 1308 4052 intellectum,
1452 3965 1453 3976 '

178 4113 506 4206 ratiocinationem,
515 4115 731 4212 appetitum,
742 4116 983 4204 voluntatem,
992 4113 1143 4203 bonum,
1156 4109 1306 4200 malum,

178 4266 373 4339 honestum
383 4275 422 4340 ct
431 4277 551 4363 turpe,
557 4265 699 4362 elinque
710 4266 788 4361 ejus
798 4263 943 4362 generis
952 4273 1163 4360 occupatur.
1180 4258 1308 4335 Tertia
