2848 4908
271 254 341 322 324
671 267 903 322 lMPERIUM.

74 466 170 518 seca,
185 465 238 520 ur.
270 433 347 508 eive
374 443 504 508 contre
533 433 664 530 legem,
688 447 742 526 ut,
771 435 928 511 alienam
955 435 1105 510 domum
1132 445 1322 520 evertere;

85 543 229 651 ,ζμ
271 545 346 622 eive
362 569 439 621 non
455 556 586 623 contra
611 547 745 645 legem,
763 559 806 624 ut
822 549 1010 648 propriam
1031 573 1142 648 super
1167 573 1323 626 arenam

270 661 466 738 aedificare.

115 781 206 892 ἓξὲξ
324 777 380 860 17.
409 774 484 851 Ubi
501 798 589 850 vero
615 773 661 849 de
688 774 838 876 legibue
865 799 984 851 sermo
1012 787 1079 869 eet,
1098 777 1151 852 ibi
1160 779 1323 878 peceati

207 877 214 894 ’
270 913 405 964 nomen
422 890 560 965 arctius
585 901 652 981 est,
671 889 928 988 significatque
955 916 1032 966 non
1053 915 1162 967 omne
1179 891 1321 966 factum

271 1014 400 1078 eontra
415 1015 558 1080 rectam
570 1003 765 1095 rationem,
778 1003 843 1078 sed
856 1003 948 1079 illud
966 1015 1113 1080 tantum
1127 1005 1230 1102 quod
1242 1004 1321 1080 cul»

263 1125 399 1215 petar,
419 1129 529 1214 atque
556 1118 604 1192 ob
630 1139 711 1190 eam
738 1139 886 1191 caueam
903 1116 1039 1192 maium
1057 1117 1177 1218 cuque
1195 1119 1322 1216 appel-

269 1228 379 1305 latur.
431 1231 511 1305 Nec
528 1241 653 1305 tamen
670 1229 701 1304 si
719 1230 808 1326 quid
828 1231 1010 1329 culpetur,
1025 1243 1227 1332 peccatam
1246 1245 1320 1308 sta·

269 1341 349 1432 tim,
367 1353 431 1418 aut
448 1343 563 1444 calpae
581 1342 737 1418 dicenda
754 1356 822 1435 eet,
841 1343 907 1418 eod
923 1344 952 1419 ei
971 1370 1057 1420 cum
1073 1345 1219 1422 ratione
1243 1345 1321 1420 onl-

268 1468 390 1552 petur.
444 1456 694 1534 Quaerendum
719 1457 834 1554 igitur
859 1469 926 1551 est,
954 1458 1043 1556 quid
1071 1460 1119 1534 eit
1143 1485 1230 1535 cnm
1255 1484 1320 1535 ra-

271 1570 372 1645 tione
401 1570 572 1671 culpare,
601 1581 640 1645 et
666 1569 754 1667 quid
781 1582 911 1646 contra
937 1572 1131 1647 rationem.
1183 1574 1239 1648 Ea
1264 1586 1319 1648 est

270 1695 405 1758 natura
429 1684 600 1777 hominis,
619 1694 661 1759 ut
686 1685 938 1783 unusquisque
965 1685 1016 1778 id,
1036 1687 1136 1784 quod
1153 1687 1232 1786 ipse
1251 1687 1317 1762 sibi

270 1798 372 1896 cupit
388 1798 481 1888 fieri,
495 1797 635 1890 bouum,
650 1797 750 1894 quod
765 1797 874 1896 fugit,
888 1797 1024 1872 malam
1040 1809 1161 1876 vocet.
1188 1800 1317 1896 Itaque

271 1911 482 1986 diversitate
508 1911 706 1986 affectuum
733 1911 928 2008 contingit,
945 1923 989 1986 ut
1014 1912 1114 2010 quod
1134 1913 1231 1987 alter
1258 1912 1316 1985 aa

270 2049 365 2114 aum,
383 2024 476 2099 alter
493 2023 629 2098 molam
640 2051 654 2109 ,·
681 2035 720 2098 et
744 2023 844 2098 idem
869 2025 980 2099 homo
1007 2025 1107 2123 quod
1126 2050 1228 2100 nunc
1257 2026 1316 2100 bo-

270 2161 366 2226 num,
381 2162 469 2211 mor
480 2135 641 2222 αιαίααις
664 2146 701 2211 et
715 2136 870 2211 eandem
883 2161 974 2228 rem,
988 2138 1027 2212 in
1040 2139 1160 2237 seipso
1176 2139 1315 2230 bonam,

271 2249 310 2324 in
327 2249 400 2324 alio
418 2249 555 2324 malam
581 2273 659 2324 esse
686 2250 796 2326 dicat.
849 2251 994 2327 Bonam
1011 2254 1109 2328 enim
1127 2265 1166 2329 et
1183 2254 1315 2330 maiam

271 2363 515 2438 delectatione
539 2374 577 2439 et
602 2364 771 2440 molestia
795 2378 934 2458 nostra,
960 2367 1019 2441 vel
1045 2391 1089 2442 ea
1113 2392 1197 2465 quae
1221 2392 1314 2442 nunc

271 2487 339 2564 est,
358 2478 415 2552 vel
433 2503 515 2576 quae
533 2490 778 2578 exspectatur,
797 2503 925 2555 omnes
942 2481 1178 2556 aestimamue
1218 2483 1314 2559 Quo-

269 2590 369 2665 niam
382 2593 460 2688 jam
472 2616 648 2692 prospere
660 2593 1014 2688 factainimieorum,
1029 2596 1116 2694 quia
1128 2596 1313 2684 honorem,

271 2728 361 2797 rem,
390 2716 428 2780 et
457 2705 663 2804 potentiam
694 2730 823 2781 eorum
853 2720 1012 2804 augent3
1044 2722 1083 2784 et
1110 2710 1314 2808 aequalium,

270 2828 422 2916 propter
435 2829 622 2894 certamen
635 2819 829 2912 honorum,
844 2819 1001 2896 molesta
1012 2822 1196 2915 omnibuS,
1210 2823 1315 2898 adeo-

273 2955 344 3028 que
374 2932 487 3022 mala‚
518 2943 556 3008 et
591 2933 776 3026 videntur,
809 2945 847 3008 et
882 2945 992 3021 eunt;
1030 2936 1225 3033 solentque
1253 2938 1315 3012 ho-

272 3045 402 3136 mines,
421 3045 539 3120 moloc
552 3056 709 3147 putare,
736 3049 808 3122 hoc
834 3059 902 3139 est,
930 3048 1080 3149 culpam
1107 3050 1316 3124 attribuere

272 3158 328 3251 iie,
347 3158 444 3232 unde
462 3159 531 3234 sibi
557 3160 692 3236 maiam
716 3161 887 3248 advenit;
915 3162 995 3236 fieri
1021 3186 1097 3237 non
1122 3173 1317 3260 potestat

274 3295 356 3368 quae
380 3272 482 3347 faeta
507 3265 701 3373 culpanda,
721 3300 804 3373 quae
828 3300 905 3350 non
929 3275 1113 3375 culpanda
1130 3277 1217 3368 sint,
1236 3301 1317 3350 con·

273 3409 382 3463 sensu
409 3388 649 3486 singulorum,
680 3390 811 3488 quibua
838 3414 914 3465 non
943 3391 1071 3464 eadem
1099 3389 1252 3489 placent
1283 3399 1318 3462 et

274 3500 721 3598 displicentdefiniantur.
745 3504 902 3578 Possunt
913 3503 1061 3600 quidem
1071 3505 1272 3578 convenire
1282 3503 1318 3577 iu

272 3615 461 3713 generalia
485 3616 666 3713 quaedam,
684 3617 801 3693 veluti
816 3617 984 3716 sartum,
1013 3616 1255 3709 adulterium,
1283 3627 1319 3690 et

274 3730 416 3820 similia,
435 3752 514 3804 esse
525 3740 720 3829 peccata·
746 3741 924 3828 tanquam
939 3731 1105 3806 dicerent
1123 3732 1226 3806 mala
1244 3755 1319 3805 om-

273 3867 338 3918 ues
365 3867 497 3919 vocare
524 3867 578 3934 ea,
598 3844 731 3941 quibus
757 3844 908 3919 nomina
937 3845 1146 3944 imponunt,
1174 3845 1318 3942 quaein

274 3959 409 4032 malam
433 3970 579 4057 partem
606 3958 725 4058 accipi
748 3959 878 4034 solent.
933 3959 1006 4034 Sed
1028 3983 1105 4034 non
1124 3958 1318 4055 quaerimus

275 4095 323 4146 an
350 4072 491 4146 furtum
517 4073 565 4148 sit
589 4085 807 4172 peccatum
846 4073 1044 4170 quaerimus
1067 4072 1157 4170 quid
1181 4074 1318 4148 furtum

275 4183 470 4260 dicendum
485 4187 544 4279 sit,
559 4197 597 4262 et
610 4187 662 4262 sic
674 4187 719 4262 de
734 4187 877 4264 eaeteris
897 4187 1086 4263 similibus.
1133 4187 1316 4286 Siquidem
