2918 4912
93 472 190 523 SEC'I'.
205 472 259 524 111.

80 629 84 662 .
103 551 248 656 »ᾧ

92 1243 155 1296 Item,
163 1242 226 1319 leges⁸

90 1312 175 1351 nature
186 1307 261 1351 faciles

90 1387 137 1417 erae
145 1373 274 1417 observatu:

90 1943 192 2000 Denique
201 1956 232 1986 re·

287 257 361 324 208
704 270 919 325 maneres.

288 439 401 514 etiam
418 439 621 513 voluntate.
662 438 802 513 Scribae
815 439 914 513 enim
927 449 967 513 et
979 438 1154 513 Pharisaei
1168 441 1337 514 externis

286 553 394 630 factis
412 553 657 627 observabant
672 552 793 650 legem
810 577 921 649 quam
933 553 1104 644 maxime,
1123 554 1190 627 sed
1205 555 1337 650 gloriae

286 677 433 740 tantum
450 690 585 749 caasa;
603 666 710 739 ahter
727 665 883 739 eandem
895 664 1078 738 violaturi.
1120 667 1337 741 Occurrunt

286 791 467 878 praeterea
493 780 687 854 innumera
715 778 852 875 passim
879 777 1081 874 Scriptnrae
1107 802 1224 852 sacrae
1241 780 1336 871 loca,

288 893 421 990 quibus
455 891 751 966 manifestissime
781 890 920 964 dicitnr
954 891 1076 964 Deum
1102 890 1336 966 voluntatem

287 1006 454 1103 accipere
471 1029 538 1102 pro
556 1005 678 1090 factm
703 1005 815 1102 idque
844 1015 922 1077 tam
951 1004 992 1077 in
1019 1004 1270 1102 bonis„quam
1295 1007 1338 1080 in

287 1119 393 1193 malis
410 1117 629 1192 actionibus.

337 1242 398 1306 22.
427 1231 538 1306 Quod
563 1231 624 1304 lex
645 1241 788 1305 natnrae
813 1230 931 1304 facilis
955 1231 1153 1305 observatu
1183 1232 1245 1323 sit,
1271 1232 1338 1306 dc-

287 1344 403 1420 clarat
428 1343 607 1433 chrisma,
626 1343 764 1418 Matth.
789 1345 839 1417 xi.
866 1352 1005 1418 28-30:
1041 1343 1172 1417 Venite
1200 1346 1257 1418 ad
1279 1371 1336 1418 me

286 1457 484 1557 omnesqui
495 1455 694 1546 laboratis,
708 1467 779 1530 etc.
802 1455 941 1530 Tollite
942 1458 1080 1556 jugum
1090 1481 1207 1530 meum
1218 1482 1337 1559 super

285 1596 362 1661 voa,
397 1581 435 1644 et
461 1569 598 1644 discite
628 1595 653 1642 a
680 1594 747 1659 mc,
767 1569 858 1668 quia
881 1568 983 1642 mitia
1012 1594 1092 1642 cum
1119 1580 1158 1643 et
1183 1570 1337 1644 humilis

287 1684 422 1768 corda·
456 1692 495 1757 et
523 1681 718 1755 invenietis
752 1681 918 1780 requiem
945 1680 1140 1755 animabus
1181 1685 1336 1758 cestrie.

286 1796 427 1897 lugam
449 1795 545 1870 enim
570 1819 686 1868 meam
702 1819 817 1867 saeve
837 1803 907 1884 eat,
937 1804 975 1867 et
991 1818 1082 1867 ortua
1107 1820 1226 1869 meum
1244 1796 1339 1872 leve.

339 1920 400 1985 23.
428 1909 571 2006 Regula
588 1908 747 2005 denique
771 1908 844 1998 illa,
864 1932 938 2004 qna
956 1907 1173 2006 dignoscere
1201 1934 1338 1983 nnum-

88 2008 278 2130 ξξῖζᾞξξξς,
290 2049 471 2122 quemque
498 2047 605 2120 posse
633 2022 721 2111 dixi,
738 2032 864 2095 utrum
890 2021 929 2094 id
952 2022 1052 2118 qnod
1079 2021 1249 2097 factnms
1277 2024 1339 2114 sit,

88 2138 276 2194 mmm*
290 2150 422 2212 contra
447 2138 568 2234 legem
596 2148 739 2210 naturae
756 2136 804 2210 sit
822 2159 952 2224 necne,
968 2159 1115 2232 nempe,
1135 2136 1250 2221 Quod
1264 2137 1340 2212 tibi

89 2216 119 2245 an
136 2202 219 2261 aliquid
242 2203 272 2246 ait

89 2271 166 2310 eontra
189 2267 260 2325 leem
275 2251 373 2348 fieri
389 2274 460 2323 eoa
477 2250 545 2337 vis,
564 2248 681 2322 alteri
697 2247 909 2346 eeseceria,
927 2248 1084 2321 totidem
1099 2272 1195 2345 pene
1212 2250 1339 2323 verbis

88 2337 180 2385 natura,
199 2345 274 2376 necne.

285 2364 504 2438 enunciatur
515 2375 674 2440 anostra
688 2363 893 2451 servatore,
908 2362 1043 2435 Matth.
1062 2361 1124 2434 vii.
1148 2370 1191 2436 12
1210 2391 1219 2434 :
1251 2362 1339 2437 Om-

285 2477 351 2556 nia
364 2501 471 2576 ergo,
486 2499 713 2574 quecunque
730 2473 844 2548 vultis
862 2473 1077 2568 etfaciam
1095 2473 1200 2547 vebia
1219 2475 1340 2548 homi-

285 2615 363 2681 aea,
375 2601 413 2664 et
425 2614 489 2663 voa
492 2589 627 2688 facite
646 2587 737 2660 illia.

335 2714 396 2780 24.
424 2703 527 2778 Sicut
549 2703 609 2775 lex
630 2712 773 2775 nabarae
801 2699 919 2774 omnis
949 2699 1074 2772 divina
1091 2710 1169 2784 est;
1201 2700 1257 2773 ita
1273 2699 1339 2774 lex
1455 2787 1456 2790 Ἴ

285 2817 423 2893 Christi
451 2841 471 2890 e
498 2838 688 2902 converso,
707 2838 790 2911 quae
817 2823 898 2886 tota
927 2812 1133 2908 explicatur
1162 2812 1339 2888 Matthaei
1455 2841 1456 2898 ᾗ

284 2933 467 3030 capitibus
483 2957 518 3004 v.
537 2931 584 3004 vi.
599 2929 674 3020 vii,
692 2938 774 3002 tota
788 2951 934 3024 quoque
955 2928 1127 3022 (excepto
1140 2951 1217 3000 nno
1230 2951 1339 3002 man-

285 3047 373 3121 dato
388 3045 434 3118 de
446 3068 522 3118 non
541 3041 711 3116 ducenda
728 3065 772 3114 ea
789 3064 871 3138 qnae
885 3052 1040 3137 propter
1050 3039 1339 3114 fornicationem

284 3171 341 3234 est
359 3158 520 3246 dimissa,
539 3155 639 3255 qnod
664 3179 733 3251 pro
751 3154 885 3227 divinae
912 3153 1004 3250 legis
1027 3153 1197 3249 positivae
1217 3155 1339 3252 expli-

185 3281 189 3288 ’
286 3272 432 3347 catione
456 3271 611 3346 adduxit
626 3269 796 3343 Christus
808 3277 941 3342 eontra
955 3266 1118 3357 Judaeos,
1132 3267 1197 3363 qui
1213 3267 1340 3364 legem

285 3386 490 3460 Mosaicem
502 3393 689 3458 nonrecte
706 3381 1072 3478 interpretabantur)
1088 3393 1234 3454 naturae
1249 3381 1340 3456 doc-

284 3501 385 3574 trina
401 3509 469 3573 est.
501 3499 609 3588 Tota,
628 3496 715 3586 dixi,
734 3495 795 3570 lex
813 3495 951 3569 Christi
967 3495 1007 3568 in
1025 3493 1133 3570 dictis
1152 3494 1339 3591 capitibus

286 3613 502 3711 explicatur,
513 3634 589 3686 non
606 3620 686 3685 tota
697 3608 834 3683 Christi
849 3608 1039 3681 doctrina:
1055 3631 1142 3680 nam
1155 3607 1340 3683 doctrinae

285 3727 507 3802 Christianae
520 3747 605 3822 pars
618 3722 798 3818 estfidea,
810 3744 892 3818 quae
904 3718 1083 3817 sublegit
1096 3720 1247 3794 nominc
1261 3745 1342 3794 non

284 3837 624 3938 comprehenditur.
676 3835 794 3931 Leges
812 3833 910 3907 enim
923 3832 1094 3906 fenmtur
1111 3831 1157 3904 de
1175 3833 1341 3907 actioni-

284 3956 366 4045 bus,
386 3977 468 4051 qnae
485 3951 714 4027 voluntatem
742 3957 946 4044 sequuntur
972 3957 1164 4030 nostram;
1195 3969 1274 4020 non
1292 3947 1340 4020 de

282 4065 534 4169 opinionibus,
552 4086 672 4161 neque
691 4062 737 4137 de
753 4061 853 4159 fide,
872 4084 955 4158 qnae
981 4070 1086 4134 extra
1111 4071 1338 4157 potestatem

282 4193 452 4258 nostram
481 4181 679 4254 existentes
713 4175 944 4254 voluntatem
974 4185 1141 4250 nostram
1171 4199 1249 4249 non
1279 4195 1337 4248 sc·
1454 4239 1455 4292 i

283 4305 459 4398 quantur.
