2864 4924
195 321 247 380 mt
267 321 437 380 cernent
457 319 562 382 2000
581 319 837 394 ΛΡΡΛΜΝΤΕ,
856 321 943 378 MC·
1061 307 1107 378 25

92 493 226 570 clarita
239 493 316 570 sive
330 491 422 570 iocis
434 489 606 592 splendor
617 491 769 568 effectus
778 490 827 568 sit
838 489 992 568 actionis
1000 489 1110 566 vehe·
1147 520 1243 577 asor.
1259 519 1296 574 n.

91 607 224 684 ments.
268 607 365 683 Nam
382 629 466 682 cnm
482 603 700 681 illuminatio
717 617 757 680 at
771 603 863 682 sisio
887 603 961 680 sint
977 616 1109 696 motus,
1149 599 1291 708 s--i-ae

90 721 153 798 erit
163 723 280 820 major
291 719 509 796 illuminatio
522 729 562 794 et
574 719 691 816 major
708 717 880 816 splendor
896 729 1016 794 motus
1033 741 1109 794 mo-
1123 741 1237 822 osam
1247 753 1292 802 aa

86 837 150 934 jor,
166 833 204 910 ir]
221 845 289 926 est,
310 833 340 910 si
357 845 488 933 agatur
503 833 543 910 in
559 831 657 908 idem
673 855 825 908 numero
842 831 996 930 patiens,
1013 831 1109 908 actio
1122 805 1312 918 grimm?

89 947 220 1024 sortior.
297 947 438 1046 ltaque,
474 947 505 1023 si
538 945 699 1022 medinm
725 945 822 1022 inter
854 947 1037 1046 obiectum
1072 957 1109 1022 et
1122 935 1320 1064 mm

90 1061 225 1138 oculum
248 1061 297 1138 sit
312 1059 523 1161 pulvisculis
540 1058 664 1160 opacis
681 1059 953 1159 interspersum,
980 1060 1110 1159 quibus

89 1175 173 1252 radii
189 1175 302 1276 aliqui
326 1176 373 1251 ab
394 1176 538 1275 objecto
562 1173 600 1251 in
626 1174 772 1250 oculum
789 1173 981 1251 tendentes
998 1172 1110 1249 inter-

89 1289 473 1389 cipiuntor‚epparebit
485 1289 669 1388 objectum
680 1311 798 1387 neque
809 1289 983 1366 remotius
992 1310 1111 1385 neque

88 1405 229 1504 propius
240 1403 347 1480 oculo
357 1429 469 1504 quam
479 1403 519 1480 in
530 1401 650 1479 medio
662 1425 766 1502 puro,
781 1402 846 1479 sed
858 1413 982 1479 tamen
992 1401 1112 1478 minus

88 1517 324 1616 splendidum,
340 1527 492 1617 propter
507 1515 582 1593 rim
597 1515 752 1593 actionis
769 1514 991 1614 impeditam.

133 1631 242 1710 Quod
259 1631 290 1708 si
308 1629 476 1708 debilites
493 1629 648 1706 actionis
673 1629 864 1728 proueniat
879 1629 925 1704 ab
942 1653 998 1722 eo,
1016 1627 1115 1728 quod

88 1744 397 1822 animusvirlentis
413 1743 577 1820 adalind
594 1742 777 1841 objectum
802 1752 965 1819 attentus
982 1743 1040 1834 sit,
1067 1741 1114 1818 si-

88 1858 228 1958 qnidem
245 1859 344 1936 inter
357 1859 542 1958 objectam
566 1857 712 1934 illudet
729 1858 875 1933 oculum
889 1856 989 1932 aliud
1006 1857 1116 1932 inter·

88 1985 238 2072 ponetur
255 1973 442 2072 objectum
457 1972 591 2066 minus,
608 1969 793 2050 videbitur
815 1969 854 2048 id
871 1971 971 2070 qnod
988 1982 1044 2048 est
1060 1971 1115 2047 in-

87 2086 300 2185 terpositum
316 2085 426 2162 etiem
443 2085 619 2162 remotius
636 2095 674 2160 et
690 2085 818 2183 majus.

132 2199 187 2276 sit
214 2199 314 2276 enim
341 2199 396 2298 (in
417 2201 480 2299 fig.
508 2207 548 2296 b)
581 2199 766 2298 objectum
793 2199 866 2275 BC
899 2199 1015 2276 visum
1049 2199 1116 2275 sub

87 2313 214 2412 angulo
230 2312 367 2390 aisono
390 2311 518 2406 ΒΑΘ,
543 2311 654 2412 idque
671 2337 755 2388 enm
772 2312 975 2390 attentione
992 2313 1116 2406 animi,

87 2427 151 2502 hoc
163 2436 230 2520 est,
244 2449 331 2502 cum
347 2437 452 2502 motu
464 2449 687 2524 organorum
698 2427 797 2504 circa
809 2451 874 2504 cor
885 2427 1118 2510 vehementes

87 2539 199 2640 sitque
214 2539 474 2638 interpositum
492 2538 588 2616 inter
617 2539 688 2616 BC
714 2551 753 2617 et
777 2541 922 2618 oculum
940 2541 1039 2618 eliud
1056 2543 1119 2617 ob-

84 2655 228 2752 jectum,
258 2653 348 2745 Dii,
376 2652 497 2730 minus
522 2677 630 2752 quam
654 2653 739 2746 Bc,
756 2655 874 2732 visum
901 2656 968 2732 sub
985 2655 1120 2752 angulo

87 2766 213 2844 risorio
232 2767 380 2854 ΒΑΜ
407 2767 660 2866 simoneni),
687 2767 761 2844 ΛΕ
778 2767 1029 2868 productased
1047 2771 1118 2844 ΒΟ

87 2879 121 2956 in
139 2881 166 2956 F
182 2891 220 2957 et
236 2881 282 2958 G.
335 2881 427 2957 Dico
455 2882 530 2957 DE
558 2882 808 2980 appariturum
826 2881 865 2958 in
891 2883 973 2958 FG.
1024 2884 1120 2960 Dum

88 2993 179 3070 mim
205 2993 337 3070 oculus
363 2993 547 3093 percurrit
574 2995 758 3093 objectum
777 2995 859 3088 BC,
882 2995 941 3072 cni
959 2995 1122 3074 intentus

87 3117 138 3183 est
165 3107 326 3201 animus,
354 3129 440 3207 pers
465 3109 535 3184 FG
560 3109 752 3208 apparebit
775 3133 851 3186 non
877 3135 943 3188 sne
965 3111 1121 3206 actione,

87 3245 163 3318 quae
191 3223 239 3299 ab
273 3221 488 3321 interposito
518 3223 593 3299 DE
620 3223 763 3300 sublata
796 3237 864 3317 est,
894 3225 959 3300 sed
985 3225 1122 3302 virtuto

86 3335 237 3412 actionis
254 3335 357 3424 Dii;
383 3335 572 3436 apparebit
590 3360 678 3436 ergo
696 3337 771 3412 Dii
788 3349 830 3414 ut
846 3339 990 3415 mocula
1001 3339 1124 3438 aliqum

88 3447 141 3522 vei
158 3449 325 3526 tenebrae
337 3449 376 3526 in
394 3449 476 3542 FO,
494 3449 553 3525 sei
570 3449 601 3526 si
618 3449 832 3526 fortiuscule
849 3464 946 3550 agat,
961 3452 1017 3528 sni
1032 3477 1121 3552 ‹pu›-

87 3587 153 3662 qne
187 3563 389 3664 imaginem
421 3563 542 3656 faciet,
577 3563 642 3640 seri
672 3563 917 3642 obscuriorem
947 3579 985 3641 nt
1011 3591 1122 3665 oppa·

87 3687 222 3754 tantm
239 3677 282 3754 in
299 3677 383 3770 PG,
409 3675 532 3770 idest,
557 3679 732 3776 majorem
750 3703 858 3777 quam
876 3679 909 3755 Ι)
921 3679 963 3756 Ε.
1016 3679 1122 3754 Simi-

86 3789 166 3866 liter
195 3789 227 3867 si
256 3789 589 3868 enimusvidentis
612 3802 776 3866 attentus
803 3791 851 3868 sit
873 3791 910 3868 in
939 3793 1121 3891 objectum

87 3903 170 4000 Dii,
195 3903 292 3982 visio
307 3903 424 4004 pertis
442 3903 514 3980 Fe
537 3905 699 3997 tollatur,
721 3903 1013 4004 videimntnrque
1038 3905 1068 3980 ii
1082 3907 1120 3998 Ii,

88 4019 156 4096 GC
172 4019 212 4096 in
231 4019 268 4094 11
282 4019 330 4112 D,
347 4030 386 4094 et
401 4019 486 4106 nh
512 4032 598 4095 sunt
614 4029 737 4096 autem
754 4019 850 4112 Dii,
877 4020 934 4095 nl
962 4017 1122 4096 minores

87 4157 191 4230 ‹pnam
211 4133 243 4208 B
256 4133 297 4224 F,
315 4133 398 4210 OG.
418 4149 420 4158 ’

133 4251 167 4334 7.
194 4245 354 4322 Videtur
370 4257 493 4324 antem
518 4247 605 4324 iuna
629 4245 790 4324 interdiu
811 4257 849 4322 et
871 4245 990 4322 minor
1013 4259 1049 4324 et
1067 4247 1121 4323 di·
