2904 4912
297 270 371 336 396
627 305 631 310 ·
723 285 911 342 subluto.

97 481 197 544 sucu,
212 481 265 534 111,
292 449 471 540 inierunt,
488 451 560 526 hoc
577 461 646 543 est,
663 452 862 538 multitudo
879 477 1007 528 norum
1019 453 1084 550 qui
1100 465 1347 550 susceperuut

108 559 252 664 ᾧ,
295 574 566 640 sacramentum
589 565 773 662 baptismi,
799 591 881 664 que
913 565 1111 642 mollitudo
1136 575 1176 640 el
1192 568 1288 662 jore
1304 569 1345 640 io

82 697 284 775 octodorensis.
294 703 404 752 unum
421 678 539 754 locem
559 680 755 754 conuocari
765 680 896 778 poenit
912 679 961 754 ab
978 679 1120 778 aliquo,
1139 689 1178 753 el
1195 705 1240 753 eo
1257 705 1343 755 con-

78 763 284 884 lllffldffifu'
292 801 459 883 nocente,
487 793 622 866 adesce
645 817 769 866 omnen
797 793 858 868 nel
879 815 958 892 per·
986 817 1028 869 ee
1053 791 1116 868 nel
1134 816 1215 892 per
1242 793 1345 869 cline

81 891 193 1002 Ἥ
205 907 252 952 ¹³⁸¹·
293 903 525 1004 obligantur.
577 905 674 980 Num
691 905 890 986 multitudo
910 905 1116 997 hominum,
1134 906 1167 980 si
1185 905 1287 980 coire
1302 908 1342 982 in

292 1041 410 1092 unum
426 1028 575 1108 coetum,
588 1019 654 1093 ubi
666 1041 758 1115 opus
770 1029 839 1109 est,
852 1043 929 1094 nou
940 1029 1342 1118 protestaremur

293 1129 451 1204 diceudo
471 1152 548 1204 uon
570 1141 639 1206 est.
690 1129 869 1205 Ecclesia
893 1131 992 1205 enim
1011 1155 1132 1228 neque
1144 1131 1263 1228 loqui,
1280 1157 1342 1206 ne-

177 1303 182 1312 .
292 1265 365 1339 que
382 1243 591 1335 decernere,
608 1267 728 1341 neque
751 1244 881 1320 audire
903 1255 1040 1341 potest,
1056 1245 1128 1320 nisi
1149 1254 1195 1321 ut
1211 1255 1340 1319 coetus.

292 1357 389 1436 Quae
415 1382 438 1434 a
464 1358 617 1455 singulis
644 1358 870 1448 dictasunt,
897 1381 1031 1454 nempe
1060 1368 1119 1432 tot
1145 1358 1342 1432 senteutiae

290 1469 368 1544 fere
407 1482 499 1569 quot
527 1472 660 1569 capito,
693 1471 983 1568 unumquodque
1016 1495 1146 1546 eorum
1179 1469 1342 1545 hominis

290 1583 411 1674 unius,
438 1609 515 1661 non
543 1583 709 1660 ecclesie
731 1584 874 1658 dictum
900 1594 967 1660 est.
1019 1585 1134 1658 Porro
1164 1583 1198 1658 si
1223 1595 1340 1658 coetus

290 1697 370 1787 fiat,
387 1696 452 1772 sed
473 1697 632 1788 illiciuu,
653 1696 946 1775 considerabitur
969 1707 1012 1770 ut
1029 1696 1166 1771 nullus.
1219 1695 1341 1770 Nemo

290 1811 406 1908 igitur
422 1833 562 1901 eorum,
580 1811 645 1907 qui
659 1810 796 1886 adsum
812 1810 852 1884 iu
867 1809 1044 1900 tumultu,
1061 1808 1215 1882 decreto
1231 1820 1339 1884 caete

291 1947 418 1998 rorum
455 1923 652 2013 tenebitur,
685 1922 892 2020 praesertim
923 1944 1012 1996 vero
1048 1921 1079 1996 si
1113 1921 1338 1996 dissenserit.

291 2037 425 2134 Neque
447 2037 573 2134 itaque
595 2036 756 2112 eeclesia
777 2036 862 2112 talis
888 2033 1087 2110 decernere
1107 2033 1251 2132 aliquid
1272 2060 1338 2132 pn-

290 2160 388 2234 test;
412 2161 493 2230 tum
506 2149 605 2223 enim
617 2149 814 2227 decernere
827 2149 967 2246 aliquid
979 2147 1181 2224 multitudo
1193 2148 1338 2238 dicitnr,

289 2285 376 2338 oum
398 2263 649 2360 unusquisque
670 2263 820 2338 decreto
838 2261 989 2359 majoris
1005 2261 1121 2358 portis
1138 2261 1337 2358 obligatur.

290 2375 448 2472 Oportet
470 2375 584 2472 igitur
606 2375 654 2448 od
676 2375 855 2466 ecclesie,
873 2374 934 2450 cui
949 2374 1100 2472 quidem
1108 2375 1339 2474 personalia

289 2487 497 2580 tribuimus,
532 2488 784 2569 definitionem
813 2488 1003 2578 accedere,
1033 2497 1077 2564 ut
1108 2488 1229 2584 possit
1261 2513 1336 2564 non

288 2601 400 2680 modo
421 2602 651 2700 congregari,
674 2601 801 2678 sedet
822 2603 918 2699 jure.
969 2602 1166 2691 proterea,
1196 2601 1270 2676 etsi
1291 2603 1338 2676 sit

289 2715 355 2811 qui
375 2717 459 2826 jure
486 2727 639 2792 coeteros
662 2726 852 2806 convocet,
874 2715 1018 2812 possint
1034 2725 1172 2805 tomen,
1190 2715 1257 2812 qui
1273 2739 1337 2789 vo-

289 2841 433 2922 cantur,
452 2833 536 2929 jure
558 2854 635 2906 non
655 2830 781 2908 venire
810 2828 866 2924 (id
890 2829 992 2926 quod
1018 2828 1188 2907 accidere
1213 2837 1337 2924 potest

288 2943 386 3020 iuter
414 2944 594 3034 homiues,
621 2967 779 3042 quorum
803 2943 897 3020 alius
926 2941 990 3022 olii
1018 2967 1095 3021 nou
1124 2941 1334 3038 subjicitur)

287 3081 364 3138 nnn
381 3067 438 3138 est
460 3059 524 3134 illa
548 3055 709 3136 ecelesia
718 3080 890 3155 perenna
907 3081 994 3130 nno.
1046 3055 1145 3132 Nom
1161 3079 1239 3153 quo
1253 3057 1337 3151 jnre

287 3169 326 3259 ii,
345 3170 408 3266 qui
429 3170 479 3248 nd
503 3183 649 3267 tempus
674 3179 712 3249 et
733 3169 870 3259 locum,
894 3192 969 3266 qno
992 3178 1185 3253 vocantur,
1203 3192 1336 3244 conve-

286 3281 407 3374 niunt,
427 3308 503 3362 nno
522 3282 710 3367 eccleeio‚·
736 3281 865 3359 eodem
888 3282 1002 3362 etiam
1017 3281 1056 3372 ii,
1075 3279 1139 3377 qui
1155 3280 1205 3357 nd
1222 3281 1336 3358 ulium

286 3395 410 3472 locum
436 3421 459 3474 o
485 3419 526 3471 se
552 3396 796 3478 constitutum
824 3395 1029 3484 confluunt,
1060 3393 1142 3469 ulia
1171 3394 1335 3470 ecclesio

286 3521 354 3586 est.
404 3510 454 3584 Et
473 3509 628 3607 quilibet
654 3507 940 3582 lomodnnorum
968 3529 1143 3580 numerus
1171 3506 1334 3581 ecclesio

217 3641 220 3648 '
257 3643 260 3650 ’
286 3633 363 3709 est;
393 3635 432 3698 et
457 3647 525 3720 per
551 3645 793 3720 consequens,
820 3631 879 3695 tot
903 3620 1070 3695 ecclesie
1095 3632 1218 3711 erunt,
1243 3635 1334 3718 quot

285 3747 373 3814 suut
393 3737 585 3835 opiniones
609 3736 775 3824 diversae,
799 3736 873 3810 hoc
898 3734 1111 3825 octoadem
1133 3733 1332 3810 multitudo

284 3852 476 3928 hominum
505 3851 576 3926 erit
609 3849 718 3926 simul
750 3861 789 3926 et
821 3871 897 3926 nnn
927 3860 966 3924 et
987 3847 1127 3947 plnres
1153 3846 1329 3924 ecclesie.

285 3963 606 4064 nequeuntem,
624 3964 696 4040 nisi
717 3963 783 4039 ubi
807 3969 910 4038 certo
932 3971 971 4036 et
993 3961 1155 4058 cognito,
1172 3960 1246 4036 hoc
1264 3973 1330 4048 est,

283 4080 451 4178 legitima
470 4090 635 4176 potestas
661 4078 721 4168 sit,
742 4101 809 4174 per
835 4099 948 4173 quom
972 4073 1107 4172 singuli
1126 4098 1195 4170 per
1215 4099 1257 4150 se
1272 4074 1329 4148 vel

284 4216 351 4289 per
375 4193 466 4270 olins
490 4193 530 4268 in
551 4203 650 4268 coetu
675 4188 1046 4286 odesse'obligeutur,
1064 4211 1139 4268 una
1158 4211 1236 4266 non
1262 4199 1327 4264 est.
