2904 4912
239 300 294 352 nn
314 300 458 352 annno
478 300 552 352 nn1
572 297 838 352 1111111111
857 299 1005 352 varus.
1070 285 1140 352 361

99 466 409 563 praesignificant3
436 467 562 564 quales
575 479 662 540 sunt
674 466 933 563 praedictiones
949 467 1149 564 propheta·
1179 498 1276 551 secr,
1291 497 1344 549 m.

99 605 185 654 rum
201 561 281 653 fere
299 579 475 670 omnium,
492 591 536 652 ut
562 581 624 676 qui
649 604 725 654 non
748 580 882 676 palam,
900 580 995 652 sicut
1013 578 1149 670 Moses
1189 577 1333 682 ᾧ

104 696 233 790 (Num.
246 695 309 767 xii.
325 695 379 789 8),
398 693 464 768 sed
480 718 559 792 per
571 694 774 793 enigmata
791 703 829 766 et
839 694 999 792 figuras
1021 692 1151 766 Domi-

100 833 186 882 nam
219 807 359 880 videat.
411 806 467 880 De
500 807 558 880 his
588 820 714 882 autem
741 806 900 903 judicari
934 807 1042 881 aliter
1074 831 1151 881 non

99 933 237 1017 potest,
253 944 365 1016 qnam
384 945 452 1018 per
472 922 657 994 rationem
682 920 904 994 naturalem.
956 920 1152 1017 Dependet

101 1034 201 1106 enim
219 1032 397 1129 judicatio
418 1032 482 1106 ilia
502 1057 548 1106 ex
573 1033 878 1129 interpretatione
903 1034 1095 1130 prophetae
1113 1046 1151 1108 et

101 1146 378 1243 comparatione
394 1146 558 1242 ejusdem
576 1170 661 1219 cum
679 1159 825 1220 eventu.

156 1269 213 1333 12.
236 1260 306 1333 Pro
317 1258 428 1332 aerbo
442 1259 519 1332 Dei
529 1259 1003 1357 scriptohabebantJudaei
1014 1259 1150 1334 librum
1162 1283 1281 1360 cnop-m

100 1372 193 1469 legis
199 1373 331 1464 'totius
339 1372 401 1469 qui
408 1373 661 1470 appellabatur
670 1372 996 1446 Deuteronomiam
1001 1402 1016 1457 ,·
1033 1399 1151 1472 usque
1162 1351 1338 1473 ῗῖἱζῃῖᾞ

101 1500 227 1560 autem
244 1487 293 1560 ad
310 1487 574 1584 captivitatem,
593 1498 771 1583 quantum
789 1511 835 1559 ex
853 1486 1020 1561 Historia
1038 1489 1152 1561 Sacra

101 1601 228 1696 colligi
240 1613 375 1697 potest,
389 1600 494 1672 illum
507 1601 637 1673 solum.
690 1599 789 1672 Nam
805 1599 898 1673 liber
914 1599 975 1674 hic
993 1601 1152 1676 traditus

101 1727 158 1786 est
185 1714 335 1810 abipso
353 1713 460 1787 Mose
487 1713 610 1804 (Deut.
630 1714 727 1787 xxxi.
742 1717 861 1814 9,,16)
888 1714 1151 1807 sacerdotibus,
1179 1703 1183 1714 ’

100 1826 345 1900 asservandus
363 1839 401 1900 et
418 1826 651 1922 reponendus
668 1827 708 1902 in
725 1827 841 1900 latere
867 1851 963 1902 arcae
988 1829 1150 1922 foederis,

84 1953 139 2016 ,et
169 1966 193 2014 a
223 1942 373 2038 regibus
404 1940 691 2025 describendus;
727 1942 898 2038 idemque
926 1942 1039 2039 longo
1064 1956 1153 2040 post

99 2066 270 2150 tempore
297 2055 520 2128 authoritate
551 2056 648 2152 regis
676 2056 789 2129 Josiae
819 2057 1151 2152 (elteg.xxiii.1,

100 2169 190 2264 etc.)
209 2168 407 2264 proverbe
433 2167 510 2240 Dei
534 2169 757 2264 recognitus
810 2169 946 2243 Caeteri
962 2194 1050 2243 vero
1067 2171 1152 2244 libri

99 2281 329 2355 Testamenti
341 2282 486 2355 Veteris
504 2281 651 2377 quando
668 2282 808 2354 fuerint
824 2282 864 2354 in
881 2306 1062 2356 canonem
1075 2285 1152 2380 pri-

98 2421 205 2468 mum
233 2395 384 2490 recepti,
411 2419 487 2467 non
512 2405 677 2491 apparet.
731 2394 843 2470 Quod
865 2407 991 2468 antem
1015 2397 1151 2471 attinet

99 2509 149 2582 ad
173 2509 384 2607 prophetas,
403 2508 537 2582 isaiam
554 2519 594 2580 et
611 2519 776 2599 cataroe,
795 2534 880 2583 cum
905 2511 1152 2607 praedicerent

98 2652 177 2700 non
194 2626 267 2698 nisi
284 2651 339 2715 ea,
358 2650 440 2721 quae
456 2626 517 2698 vel
533 2626 572 2699 in
591 2626 803 2721 captivitate
820 2628 879 2700 vel
895 2641 979 2724 post
996 2628 1151 2723 captivi-

99 2751 216 2813 tatem
241 2740 367 2812 futura
392 2750 508 2828 erant,
529 2765 658 2813 eorum
683 2741 821 2836 scripta
847 2765 924 2814 non
948 2753 1151 2837 potuerunt

99 2878 169 2950 pro
194 2853 421 2949 propheticis
446 2853 545 2927 illico
570 2854 711 2942 haberi,
728 2864 881 2950 propter
903 2855 1023 2951 legem
1041 2879 1153 2950 supra

101 2968 253 3042 citatam
265 2991 311 3040 ex
321 2967 610 3041 Deuteronomio
620 2965 964 3064 (xviii.21,22),qua
969 2969 1151 3064 jubeban-

99 3092 162 3152 tur
188 3080 377 3168 israelitae,
396 3105 444 3154 ne
468 3107 536 3177 pro
561 3080 744 3177 propheta
768 3082 949 3154 haberent
966 3082 1038 3155 nisi
1053 3107 1150 3171 cum,

102 3195 207 3289 cujus
219 3193 521 3289 praedictionibus
539 3207 692 3266 eventus
709 3194 987 3291 responderent.
1027 3197 1153 3292 Atque

101 3307 189 3378 hinc
206 3307 304 3379 forte
322 3319 388 3397 est,
408 3308 658 3404 quod-Judaei,
676 3333 768 3404 quos
785 3309 1050 3384 interfecerunt
1067 3334 1153 3383 cum

100 3420 379 3516 prophetarent,
398 3445 526 3494 eorum
543 3421 680 3517 scripta
697 3432 791 3518 post,
809 3435 963 3520 propter
980 3435 1153 3498 eventum

100 3533 396 3629 praedictionum,
414 3559 483 3631 pro
500 3534 738 3634 propheticis,
756 3536 827 3608 hoc
854 3549 923 3626 est,
944 3563 1012 3634 pro
1034 3539 1154 3611 verbo

100 3647 171 3720 Dei
188 3647 410 3720 habuerunt.

156 3770 214 3834 13.
243 3760 413 3856 Cognito,
425 3785 508 3855 quae
525 3760 665 3833 fuerint
682 3762 749 3833 sub
761 3772 881 3860 pacto
892 3773 1018 3835 cetere
1031 3763 1150 3861 leges,
1163 3786 1339 3833 samariam

101 3886 139 3947 et
157 3873 258 3970 quod
275 3873 422 3946 verbam
441 3875 601 3947 divinum
625 3877 671 3948 ab
698 3876 803 3950 initio
825 3889 1037 3971 receptum;
1065 3855 1354 3971 con-ffioefflm‘

100 3987 339 4061 siderandum
366 3989 539 4084 deinceps
565 4000 632 4079 est,
650 4013 763 4085 penes
785 4013 895 4084 quem
918 3989 977 4061 vel
994 4014 1086 4085 quos
1104 3989 1150 4062 de

100 4101 249 4196 scriptis
259 4102 520 4197 prophetarum
533 4114 618 4197 post
631 4102 871 4198 surgentium,
882 4127 929 4175 an
938 4103 1150 4198 recipienda
1160 4114 1369 4223 ffiffiffiw

100 4225 224 4287 essent
247 4237 313 4310 pro
341 4214 451 4286 verbo
474 4215 562 4303 Dei,
590 4215 629 4288 id
655 4227 722 4303 est,
748 4239 797 4288 an
821 4226 974 4289 eventus
994 4217 1149 4313 praedic-
1164 4243 1256 4288 anat

102 4328 265 4401 tionibus
296 4327 572 4422 responderent,
601 4352 728 4417 necne,
753 4328 956 4422 judicandi,
985 4339 1023 4402 11
1052 4331 1152 4426 apud
