2904 4912
295 255 368 321 416
722 269 908 324 sauneio.

99 471 195 520 sm,
210 471 261 520 111,
293 434 347 506 rei
365 456 489 506 sumus
507 434 749 507 contumacia
774 434 948 508 adversus
971 433 1091 507 Deum
1116 433 1157 507 in
1184 431 1343 522 Adamo,

109 548 266 653 *PL
294 557 332 620 et
347 557 528 642 praeterea
539 546 609 642 ipsi
626 559 714 620 actu
726 547 970 642 peccavimus,
981 571 1058 620 non
1071 546 1206 619 sufficit
1217 545 1343 620 obedi-

293 659 396 731 entia
409 658 486 731 sine
501 657 716 731 remissione
726 669 981 756 peccatorum.
1018 660 1183 748 Eavem,
1194 683 1345 755 unaque

294 771 466 844 introitus
479 771 518 842 in
528 795 684 867 regnum
701 771 795 860 coeli,
801 770 902 864 fidei
919 771 1112 867 praemium
1123 783 1193 844 est.
1230 772 1343 844 Aliud

294 884 343 958 ad
370 884 524 958 salutem
550 884 751 980 requiritur
775 884 879 957 nihil.
931 885 1018 959 Non
1041 886 1140 958 enim
1157 885 1343 958 clauditur

294 1021 451 1093 regnum
460 998 541 1086 Dei,
555 997 625 1070 nisi
638 997 889 1094 peccantibus
903 998 943 1071 id
960 1009 1016 1071 cst
1028 999 1085 1087 iis,
1100 999 1164 1095 qui
1178 998 1343 1072 debitam

294 1109 435 1206 legibus
467 1110 537 1183 Dei
557 1109 802 1184 obedientium
824 1134 900 1183 non
918 1111 1195 1207 praestiterunt:
1223 1136 1343 1207 neque

293 1223 376 1313 illis,
400 1225 431 1296 si
454 1224 607 1297 credant
634 1224 819 1298 articulos
845 1225 1079 1297 mansuarios
1106 1224 1195 1297 fidei
1224 1224 1344 1297 Chris·

295 1336 417 1410 tianae.
478 1337 562 1409 Jam
594 1337 625 1408 si
653 1336 944 1431 cognoverimus
972 1338 1011 1409 in
1038 1338 1170 1433 quibus
1200 1348 1344 1411 constat

296 1448 519 1539 obedientia,
555 1463 593 1522 et
625 1450 687 1545 qui
723 1450 796 1522 sint
829 1448 985 1522 articuli
1014 1451 1223 1522 naeviam·
1258 1451 1344 1523 fidei

243 1649 245 1655 Ι
298 1563 531 1654 Christianae,
559 1559 810 1636 manifestum*
828 1588 903 1636 una
930 1563 1012 1652 erit,
1042 1587 1124 1659 quae
1151 1564 1344 1637 civitatum

295 1677 575 1772 principumque
597 1678 703 1772 jussu
721 1676 855 1765 facere,
874 1686 912 1749 et
929 1678 1060 1772 quibus
1076 1677 1263 1751 abstinere
1281 1678 1343 1750 de-

295 1790 458 1866 beamus

86 1922 166 1972 casu
176 1922 246 1999 ein
347 1914 382 1975 3.
410 1903 480 1974 Per
496 1900 744 1974 obedientium
761 1913 897 1990 autem,
911 1901 1093 1992 hocloco,
1111 1902 1345 1999 significatur

85 1993 266 2097 llffufilffm'
295 2017 542 2114 nonfurtum,
560 2015 625 2088 sed
641 2015 812 2089 noluntas
830 2025 868 2088 et
887 2016 1058 2105 studium,
1078 2041 1151 2112 quo
1170 2015 1344 2112 proponi-

297 2155 379 2203 mus
397 2131 523 2202 conari
540 2140 721 2225 quantum
734 2152 927 2226 possumus
941 2129 1092 2202 obedire
1106 2129 1144 2201 in
1163 2129 1343 2202 futurum.

299 2245 383 2318 Quo
401 2266 511 2315 sensu
534 2266 606 2315 vox
632 2241 854 2314 obedientior
879 2242 1074 2336 aequivalet
1092 2242 1342 2339 poenitentioe.

300 2356 479 2430 Consistit
509 2355 607 2428 enim
627 2354 864 2453 poenitentiae
893 2354 1009 2427 virtus
1035 2379 1112 2428 non
1137 2355 1177 2427 in
1205 2354 1344 2446 dolore,

299 2470 362 2567 qui
386 2468 529 2566 peccati
554 2468 848 2542 recordationem
874 2468 1083 2558 comitatur,
1102 2467 1168 2542 scd
1190 2468 1231 2542 in
1258 2493 1345 2543 con·

298 2584 465 2658 versione
483 2583 522 2655 in
534 2582 644 2670 viam,
659 2591 697 2654 et
711 2580 882 2654 instituto
894 2605 969 2652 non
981 2581 1161 2677 peccandi
1174 2582 1345 2677 amplius,

297 2699 376 2774 sine
395 2722 467 2793 quo
486 2696 592 2769 dolor
608 2695 669 2767 ille
691 2719 768 2767 non
787 2693 1013 2790 poenitentis,
1032 2694 1097 2766 sed
1114 2693 1344 2790 desperantis

298 2835 379 2884 csse
405 2811 551 2883 dicitur.
605 2808 791 2882 Quoniam
816 2817 940 2879 autem
966 2807 1029 2902 qui
1059 2807 1180 2880 Deum
1206 2817 1344 2896 amant,

298 2948 372 2996 non
397 2933 553 3019 possunt
578 2945 652 2994 non
669 2921 762 2993 velle
780 2919 929 2992 obedire
951 2920 1026 3016 legi
1050 2920 1197 3009 divinae,
1217 2933 1257 2994 et
1282 2921 1345 3016 qui

298 3047 425 3120 amant
435 3035 654 3133 proximum,
666 3057 742 3105 non
754 3044 908 3128 possunt
920 3057 996 3106 non
1006 3031 1099 3106 velle
1110 3033 1263 3106 obedire
1273 3033 1345 3130 legi

298 3149 441 3234 morali,
459 3173 542 3244 quae
560 3146 740 3235 consistit,
758 3157 801 3218 ut
819 3169 930 3240 supra
952 3147 1073 3241 capite
1091 3146 1203 3218 tertio
1221 3159 1345 3220 osten-

299 3288 379 3336 sum
405 3274 473 3352 est,
490 3262 529 3334 in
555 3259 752 3356 superbire,
774 3259 1077 3357 ingratitudinis,
1103 3260 1344 3350 contumeliae,

300 3373 594 3461 inhumanitatis,
623 3372 878 3461 inelementia,
909 3371 1071 3467 injurioe,
1098 3373 1345 3470 similiumque

297 3491 521 3563 offensarum
545 3485 804 3582 prohibitione,
823 3485 955 3580 quibus
971 3485 1129 3581 proximi
1145 3485 1345 3560 laeduntur.

299 3604 429 3698 Itaque
446 3601 529 3675 voci
547 3598 768 3672 obedientia
791 3599 986 3695 aequivalet
1003 3599 1114 3672 etiam
1136 3623 1242 3673 onror
1270 3600 1346 3672 sive

300 3717 499 3798 oburitus;
527 3713 638 3785 etiam
658 3712 829 3806 justitio,
861 3736 943 3808 quae
975 3722 1148 3795 constans
1174 3712 1346 3786 voluntas

301 3841 357 3902 est
377 3854 484 3902 suum
508 3827 642 3922 cuique
660 3824 857 3914 tribuendi,
876 3825 1071 3920 aequivalet
1087 3823 1218 3898 cidem.
1262 3825 1346 3898 Jam

301 3944 466 4015 sufficere
484 3941 531 4014 ad
549 3940 705 4012 salutem
710 3939 832 4034 fidem
849 3949 886 4011 et
895 3937 1156 4035 poenitentiunr
1172 3938 1346 4012 manifes-
1432 4004 1433 4019 ,

302 4067 382 4129 tum
400 4064 478 4139 est3
503 4053 664 4149 primum
681 4077 727 4124 ex
751 4052 831 4147 ipso
855 4051 994 4124 foedere
1010 4051 1196 4149 baptismi.
1249 4051 1346 4124 Nam

302 4167 615 4263 interrogantibus
633 4167 782 4239 Petrum
808 4165 864 4257 iis,
883 4165 946 4260 qui
969 4165 1015 4238 ab
1033 4165 1113 4261 ipso
1131 4164 1192 4237 die
1210 4162 1347 4238 Pente-
