2904 4916
282 261 362 329 ‘304
696 275 926 328 ineumuu.
1031 291 1036 298 ·

88 471 183 522 sacr.
203 472 256 523 111,
289 439 459 536 qualiter
476 439 727 536 imponuntur.
780 439 892 515 Quod
909 437 1007 512 enim
1035 437 1206 511 omnibus
1232 436 1342 509 simul
1447 421 1448 426 ¹

103 549 245 654 ,ᾗ
289 553 368 626 leve
386 576 480 626 onus
498 563 567 642 est,
583 552 617 624 si
633 552 742 626 multi
759 577 798 625 se
809 552 1042 641 subtrahunt,
1057 551 1203 624 caeteris
1216 573 1342 646 grave,

289 667 364 740 imo
398 665 630 738 intolerabile
657 665 740 738 erit.
793 665 923 760 Neque
949 665 1118 737 homines
1145 675 1227 736 tam
1250 687 1344 736 onus
1446 681 1448 698 ·

289 779 411 875 ipsum
441 801 552 874 quam
579 776 866 872 inaequalitatem
890 777 1053 872 graviter
1081 776 1179 848 ferre
1207 775 1343 848 solent.

289 892 454 966 Maxima
470 891 568 963 enim
585 891 786 964 ambitione
803 889 849 963 de
867 890 1100 962 immunitate
1113 901 1292 978 certatur,
1305 903 1346 960 et

289 1006 327 1078 in
355 1029 399 1078 eo
416 1004 615 1078 certamine
633 1005 754 1077 minus
771 1004 896 1078 felices
926 1003 1044 1099 magis
1060 1002 1233 1076 felicibus
1261 1013 1345 1074 tan-

290 1143 402 1215 quam
418 1118 508 1190 victi
533 1116 711 1191 invident.
763 1117 823 1189 Ad
853 1116 1056 1189 tollendam
1086 1139 1177 1210 ergo
1202 1116 1345 1210 justam

288 1231 568 1326 querimoniam,
587 1230 720 1327 quietis
745 1231 903 1326 publicae
929 1230 1097 1316 interest,
1112 1240 1150 1302 et
1167 1253 1238 1324 per
1255 1253 1345 1300 con-

290 1368 447 1442 sequeus
464 1345 512 1417 ad
529 1343 689 1416 officium
705 1343 867 1439 pertinet
883 1342 1154 1439 imperantium,
1167 1354 1213 1414 ut
1231 1365 1345 1414 onera

289 1458 437 1554 publica
454 1456 644 1552 aequaliter
660 1456 839 1529 ferantur.
866 1457 1059 1545 Praeterea,
1073 1479 1158 1528 cum
1176 1455 1229 1544 id,
1244 1455 1344 1550 quod

290 1597 313 1645 a
346 1571 486 1645 civibus
520 1571 560 1643 in
590 1570 779 1667 publicum
804 1569 1007 1658 confertur,
1039 1569 1131 1641 nihil
1157 1568 1262 1641 aliud
1295 1567 1345 1640 sit

289 1695 425 1782 praeter
442 1695 577 1780 emptae
593 1682 695 1780 pacis
712 1683 884 1779 pretium,
903 1682 1055 1756 rationis
1072 1693 1140 1769 est,
1157 1692 1202 1754 ut
1222 1681 1262 1770 ii,
1280 1681 1344 1777 qui
1447 1751 1448 1768 ἶ

291 1822 394 1893 acque
411 1821 540 1894 paoem
561 1797 797 1893 participant,
815 1820 939 1899 aequas
956 1805 1080 1892 partes
1107 1795 1267 1885 solvant,
1285 1794 1345 1866 vel
1447 1811 1448 1814 ’

289 1911 464 2008 pecunias
481 1910 540 1983 vel
556 1933 685 2006 operas
702 1910 915 2006 reipublicae
932 1908 1214 1983 contribuendo.
1267 1908 1345 1980 Lex

289 2037 415 2099 eutem
441 2023 619 2097 naturalis
648 2035 715 2111 est,
746 2046 812 2119 per
837 2023 1035 2096 articulum
1065 2019 1341 2116 quindecimum

291 2138 421 2235 capitis
433 2137 546 2226 tertii,
557 2136 820 2231 unusquisque,
831 2135 870 2207 in
880 2136 964 2231 jure
977 2134 1059 2208 aliis
1069 2133 1343 2224 distribuendo,

291 2250 461 2324 omnibus
491 2248 670 2345 aequalem
696 2271 736 2319 se
759 2248 945 2343 praebeat3
972 2271 1086 2342 quare
1103 2249 1343 2343 imperantes

288 2374 334 2437 ut
360 2385 474 2436 onera
492 2360 651 2434 civitatis
669 2359 809 2434 civibus
827 2360 1016 2456 aequaliter
1035 2361 1242 2456 imponant,
1261 2361 1343 2457 lege

290 2476 450 2550 naturali
466 2473 689 2570 obligantur.

77 2621 246 2680 aquaeue
344 2599 400 2663 ll.
427 2587 632 2685 AEqualitas
658 2597 782 2658 autem
810 2586 985 2660 hocloco
1016 2586 1237 2682 intelligitur
1267 2611 1343 2661 nou

78 2687 156 2730 Μ
165 2690 255 2736 ‘Qu‘
289 2703 468 2800 pecuniae,
487 2699 703 2788 sedoneris,
722 2699 793 2771 hoc
811 2710 878 2788 est,
903 2699 1093 2794 aequalitas
1110 2700 1269 2773 rationis
1286 2701 1343 2773 iu-

119 2753 177 2794 unioe
195 2758 268 2794 taxen-

77 2766 263 2891 lllpfflffllffl?
291 2829 348 2890 ter
365 2839 478 2889 onera
491 2826 530 2886 et
545 2811 736 2885 beneficia.
789 2810 1022 2907 Quamquam
1037 2813 1135 2885 enim
1151 2837 1246 2908 pace
1264 2838 1343 2886 om·
1446 2857 1447 2896 i

78 2895 153 2924 eorum
162 2895 212 2939 quae
220 2894 278 2937 qm!-

78 2960 121 3003 rue
131 2946 249 3022 consumi}
291 2953 356 3004 nes
374 2927 564 3023 aequaliter
580 2925 762 3015 fruantur,
780 2949 856 2999 non
874 2936 999 2999 tamen
1014 2925 1195 3000 beneficia
1212 2951 1235 2998 a
1251 2949 1343 3022 pace

76 3011 461 3117 nonquuapossuletomnibus
490 3039 646 3137 aequalia
672 3050 770 3111 sunt.
822 3038 920 3111 Nam
937 3038 1000 3112 alii
1026 3039 1121 3134 plus,
1139 3039 1203 3112 ulii
1220 3039 1343 3114 minus

289 3156 472 3229 bonorum
488 3153 697 3248 acquirunt.
748 3151 797 3224 Et
813 3176 939 3226 rursus
957 3153 1018 3225 alii
1035 3153 1130 3248 plus,
1143 3153 1207 3226 alii
1219 3155 1343 3228 minus

291 3276 524 3341 consumunt.
578 3266 705 3340 auaeri
721 3265 836 3362 igitur
852 3275 987 3362 potest,
1002 3291 1050 3340 an
1064 3266 1225 3340 debeant
1242 3269 1343 3342 cives

289 3382 328 3456 in
354 3379 542 3477 publicum
569 3378 803 3452 contribuere
831 3403 900 3475 pro
922 3379 1065 3453 ratione
1091 3403 1232 3470 eorum,
1260 3405 1342 3476 quae

290 3496 491 3583 lucrantur,
510 3516 558 3565 an
581 3515 712 3565 eorum
737 3516 820 3589 quae
844 3503 1079 3582 consumunt,
1102 3493 1175 3566 boc
1205 3505 1275 3583 est,
1294 3518 1342 3568 an

289 3632 457 3705 personae
474 3605 593 3680 taxari
611 3606 781 3695 debeant,
799 3617 843 3679 ut
858 3631 926 3702 pro
950 3607 1094 3680 ratione
1112 3630 1225 3703 opum
1252 3633 1342 3682 cou-

289 3722 467 3811 tribuant,
486 3745 534 3794 an
558 3742 617 3792 res
644 3719 747 3816 ipsae,
778 3730 820 3792 ut
848 3719 1061 3793 contribuat
1088 3720 1246 3816 quisque
1272 3745 1341 3816 pro
1445 3781 1446 3806 ,

289 3835 432 3909 ratione
450 3857 578 3909 eorum
595 3857 678 3929 quae
697 3833 893 3906 consumit.
921 3831 995 3906 Sed
1012 3833 1043 3906 si
1054 3833 1340 3922 consideremus,

289 3950 352 4022 ubi
370 3948 537 4046 pecuniae
555 3947 796 4021 confenmtur
812 3970 881 4043 pro
898 3947 1041 4020 ratione
1058 3971 1183 4043 opum,
1198 3947 1252 4020 ibi
1265 3971 1339 4036 eos

289 4063 353 4159 qui
379 4061 535 4160 aequalia
562 4061 695 4136 lucrati
724 4071 822 4152 sunt,
856 4085 932 4136 uon
958 4061 1112 4158 aqualia
1138 4061 1339 4157 possidere,
