2864 4924
413 317 468 372 on
487 317 674 390 vreronn,
694 319 783 374 erc.
1070 301 1120 384 67

79 483 309 584 superficiem
327 485 549 562 anteriorem
567 487 716 586 aequnlie
729 487 800 562 erit
813 487 981 564 refractae
998 485 1119 564 ductae
1157 521 1253 574 seco,
1267 521 1305 576 n.

79 601 123 674 ab
144 601 158 674 1
177 599 216 674 in
235 599 429 698 superficie
441 601 644 700 posteriore
655 601 702 676 ed
712 601 1066 700 perpendicularem,
1081 601 1120 675 id
1157 601 1301 706 Α,

78 727 147 802 eet,
170 713 264 804 CH,
297 713 366 787 tn
398 725 506 790 erunt
534 714 704 812 aequales,
728 713 823 790 sicut
845 725 886 788 et
908 713 1004 806 GH,
1031 715 1118 790 LD.

79 827 243 902 Retracti
273 835 396 900 entem
419 825 513 902 redii
542 839 665 926 partes
693 827 777 919 ille,
796 851 878 926 qnae
908 838 994 902 eunt
1022 827 1121 902 intre

78 941 199 1038 ipsum
217 939 417 1038 dioptrum‚
436 952 473 1014 et
491 941 650 1038 aeqnelee
668 951 777 1016 erunt
803 951 897 1016 etse
914 952 1043 1016 rnutuo
1061 965 1119 1014 ee-

77 1053 241 1138 eabunt;
267 1064 464 1151 propterea
476 1053 576 1150 qnod
591 1053 764 1129 retractio
777 1077 844 1152 per
857 1053 985 1128 eodem
999 1053 1121 1128 media

77 1167 122 1240 ab
134 1165 277 1240 utrovis
286 1165 444 1240 termino
457 1165 505 1240 ed
515 1165 672 1240 alterum
683 1165 907 1264 percandem
918 1167 963 1240 fit
972 1163 1117 1240 lineam.

127 1277 264 1352 Coroll.
318 1279 402 1354 Quo
418 1288 596 1376 punctum
623 1278 769 1354 rediens
795 1279 833 1353 in
860 1279 946 1354 (lato
972 1279 1119 1376 objecto

77 1389 341 1490 perpendiculo
359 1391 434 1466 OD
449 1391 600 1491 propius
618 1405 687 1483 eet,
713 1391 772 1466 vel
788 1391 912 1467 radius
929 1393 975 1466 ab
993 1417 1037 1466 eo
1054 1393 1102 1468 ob

77 1505 214 1603 liqniue
243 1503 374 1578 incidit
400 1503 439 1578 in
469 1503 669 1603 dioptrum,
697 1529 740 1580 eo
768 1506 915 1603 longine
950 1505 1120 1605 procedit

76 1617 204 1693 radius
222 1629 418 1714 antequam
437 1617 592 1693 eendern
611 1618 687 1693 CD
705 1617 837 1694 iterum
856 1629 966 1694 necet.
1008 1617 1120 1694 Quod

76 1755 120 1806 en
145 1755 192 1805 eo
217 1729 452 1806 menifestum
470 1741 537 1822 eet,
556 1731 654 1828 qnod
679 1729 804 1806 radius
822 1731 904 1806 RH
924 1741 1024 1806 secet
1042 1730 1120 1804 CD

75 1845 112 1920 in
141 1845 198 1934 M,
216 1841 341 1918 radius
357 1867 446 1920 vero
464 1843 549 1920 ΘΗ
577 1843 614 1919 in
634 1845 679 1919 D.
732 1843 841 1918 Unde
865 1841 1121 1919 universaliter

76 1955 264 2032 enuntiari
289 1967 424 2054 potest,
443 1967 580 2054 quanto
598 1955 693 2032 redii
718 1957 914 2033 erectiores
939 1967 1036 2048 eunt,
1060 1955 1120 2031 vel

74 2071 175 2146 ultre
194 2069 416 2146 erectionem
432 2071 551 2169 magis
567 2071 754 2146 reclinatae
768 2069 816 2145 ed
827 2069 1012 2170 dioptrum
1031 2093 1119 2146 con-

74 2207 224 2274 vexum,
242 2192 348 2258 tento
374 2182 523 2258 refracti
550 2181 658 2258 citius
684 2195 910 2259 concunnnt
937 2183 1120 2259 etaltera

74 2309 183 2394 parte
201 2319 287 2372 cum
311 2295 599 2395 pemendictdm
626 2296 783 2396 ideoque
801 2297 911 2372 etiem
928 2297 1022 2373 redii
1039 2320 1119 2373 orn-

73 2433 141 2484 nee
169 2411 218 2486 eb
247 2409 377 2485 eodem
401 2421 540 2508 puncto
566 2411 644 2486 exie
670 2411 783 2510 optici
808 2410 1049 2509 procedentes
1074 2435 1118 2485 eo

73 2523 199 2598 minue
224 2521 265 2596 in
291 2523 412 2598 retina
437 2523 596 2620 epatium
623 2534 819 2622 occupant,
841 2547 913 2622 quo
938 2534 1119 2621 punctum

70 2637 194 2711 vienni
212 2644 271 2710 eet
285 2633 472 2712 remotius

116 2759 153 2824 3
172 2747 1174 2848 Silinearectedioptrumeecetperpendicnitn'iter,re
1150 2771 1294 2831 enorum

72 2863 196 2960 sitque
231 2861 369 2958 dioptri
403 2863 613 2960 superficies
650 2885 726 2938 une
760 2861 908 2960 quidem
940 2849 1199 2960 sphaerice‘m‘
1130 2903 1236 2946 mm
1199 2837 1332 2960 Ἥξῖἶ

71 2971 481 3065 concava,elterevero
494 2972 552 3048 vel
565 2973 742 3072 nphaerice
755 2973 1115 3072 concavevelplena,
1128 2967 1330 3089 mmm
1287 2979 1331 3012 ''¹''

72 3099 339 3185 sumptumque
364 3085 411 3160 eit
448 3086 485 3160 in
524 3108 568 3160 ee
603 3097 706 3161 reete
740 3099 921 3184 punctum
957 3085 1104 3160 radiens
1105 3095 1246 3206 29⁹3¹¹5¹J⁰
1262 3109 1330 3206 ing

70 3201 180 3298 enjus
196 3197 324 3274 redint
338 3197 525 3272 incident
516 3223 553 3272 rn
566 3211 745 3297 punctum
759 3199 949 3296 quodlibet
966 3197 1229 3296 dioptrimoen
1228 3173 1277 3270 cup

70 3313 198 3410 ibique
225 3309 364 3386 refrect
348 3320 420 3401 tue,
444 3311 491 3385 ab
520 3310 647 3386 eedem
673 3323 775 3386 recte
800 3337 844 3387 ex
871 3311 988 3387 altere
1011 3323 1116 3410 perte

69 3423 212 3522 dioptri
232 3423 422 3520 divergan
448 3423 572 3497 radius
585 3447 606 3497 a
620 3437 759 3522 puncto
773 3425 935 3522 quolibet
952 3423 1115 3522 ejusdem

66 3535 330 3636 perpendiculi
347 3536 555 3625 remotiore,
574 3535 754 3612 refractus
771 3536 809 3612 in
832 3538 960 3613 eodem
979 3537 1115 3636 dioptri

66 3661 225 3746 puncto,
253 3658 341 3746 poet
366 3647 605 3723 retractiones
627 3672 711 3723 euos
731 3651 778 3726 eb
806 3651 936 3726 eodem
961 3673 1116 3748 perpen-

66 3760 198 3838 diculo
215 3761 337 3836 minuo
354 3759 531 3858 divergct.

128 3873 325 3973 Dioptrum
355 3873 431 3947 AB
462 3873 517 3968 (in
542 3873 663 3970 figure
684 3875 859 3972 secunda)
888 3889 988 3951 secet
1013 3885 1116 3951 recta

66 3989 101 4060 (3
116 3983 516 4084 Dpcrpendiculeriter
532 3985 570 4060 in
587 3987 670 4061 liet
688 3987 727 4078 F,
741 4001 998 4086 sumptumque
1016 3987 1054 4062 in
1071 4012 1116 4064 eo

65 4101 124 4176 eit
150 4111 328 4196 punctum
346 4099 389 4186 d,
407 4123 430 4173 o
447 4123 520 4197 qno
546 4099 670 4175 redint
688 4101 761 4176 GH
782 4103 922 4177 incidat
947 4102 985 4176 in
1011 4115 1115 4176 ente-

67 4215 210 4290 riorem
223 4211 455 4312 superficiem
470 4213 608 4312 dioptri
621 4215 669 4290 ed
688 4215 738 4307 H,
756 4227 795 4289 et
811 4214 859 4291 sit
875 4213 1054 4290 refractus
1068 4214 1117 4290 ed

948 4349 1003 4403 Μ
