2912 4912
210 325 266 375 uu
287 324 394 375 nucu
415 322 594 375 narone
615 323 734 376 cinca
754 321 1036 376 conpunctus.
1094 302 1162 382 179

164 501 225 567 20.
253 491 527 588 dejurandum
543 491 661 565 oratio
679 503 735 564 est
751 490 984 588 promissioni
1005 489 1161 588 adjecta,
1192 521 1290 572 succ.
1310 521 1362 574 ur.

113 629 188 702 qua
204 605 390 702 significat
402 607 613 701 promissor,
626 604 697 678 nisi
710 603 934 701 praestiterit,
945 605 1161 679 renunciare
1203 600 1346 704 „L

112 743 192 792 sese
220 717 483 792 misericordia
508 717 652 792 divinae.
704 719 797 792 Quae
824 717 988 791 definitio
1012 742 1057 791 ex
1074 719 1162 815 ipsis
1175 738 1324 816 Juusjqnnu

113 833 304 928 colligitur
320 832 454 922 verbis,
470 831 602 928 quibus
616 831 775 904 essentia
786 831 1025 927 jurisjurandi
1043 832 1160 906 conti·
1175 803 1281 849 ‘m'

111 955 236 1030 netur,
249 945 435 1034 nimirum,
449 945 507 1018 ita
519 969 574 1018 me
588 944 740 1040 eely'uoet
752 943 870 1034 Deua,
883 945 941 1018 vel
953 945 1034 1020 aliis
1047 947 1163 1042 aequi·

111 1059 350 1156 pollentibus,
373 1069 417 1132 ut
441 1059 541 1155 apud
564 1059 762 1148 Romanos
789 1066 830 1131 tu
852 1056 1007 1157 Jupiter
1037 1069 1163 1134 macto

111 1197 193 1246 eum
224 1172 293 1270 qai
304 1171 519 1271 fefellerit,
549 1181 591 1245 ut
617 1195 690 1270 ego
714 1171 811 1244 hunc
842 1181 965 1246 nmero
988 1197 1159 1272 porcam.

111 1286 246 1383 Neque
272 1286 404 1375 obstat,
424 1286 523 1381 quod
545 1284 802 1382 jusjurandum
831 1309 907 1360 uon
935 1285 1053 1360 solum
1073 1311 1161 1384 pro-

111 1400 336 1490 missorium,
348 1399 412 1474 sed
429 1399 626 1496 aliquando
643 1399 920 1474 affirmatorium
933 1399 1007 1473 dici
1021 1401 1157 1496 possit:

110 1514 283 1610 namqui
304 1513 583 1586 affirmationem
603 1514 812 1608 juramento
842 1513 1047 1602 confirmat,
1072 1537 1160 1610 pro-

112 1627 231 1700 mittit
244 1650 283 1699 se
300 1647 387 1700 vera
404 1626 634 1722 respondere.
688 1626 921 1722 Quamquam
938 1637 1062 1700 autem
1078 1627 1158 1722 qui·

112 1740 269 1814 busdam
296 1740 335 1813 in
360 1739 449 1813 locis
465 1740 578 1814 moris
594 1750 675 1813 erat
700 1738 854 1813 subditis
871 1763 937 1836 per
953 1763 1058 1836 reges
1076 1763 1161 1814 suos

108 1856 248 1950 jurare,
273 1853 314 1927 id
330 1877 374 1927 ex
402 1879 447 1928 eo
463 1865 593 1928 natum
611 1865 678 1938 est,
692 1852 791 1950 quod
815 1876 918 1950 reges
941 1853 994 1928 illi
1015 1853 1158 1928 divinos

110 1969 185 2041 sibi
206 1968 366 2041 honores
393 1967 520 2040 haberi
542 1966 724 2040 volebant.
776 1966 873 2040 Nam
893 1967 1161 2063 jusjurandum

110 2081 197 2154 ideo
206 2079 461 2154 introductum
471 2095 538 2168 est,
552 2090 595 2154 ut
609 2081 725 2176 major
736 2088 854 2153 metus
871 2079 1049 2154 violandae
1062 2081 1161 2172 fidei,

110 2217 226 2290 quam
242 2193 274 2266 is
288 2217 361 2290 quo
379 2192 556 2282 homines,
574 2217 664 2290 quos
680 2193 779 2267 facta
795 2206 923 2268 nostra
937 2194 1051 2268 latere
1073 2219 1159 2292 pos·

110 2317 211 2391 sunt,
222 2306 542 2395 timemusdivinae
551 2307 728 2403 potentiae
746 2307 1038 2382 consideratione
1051 2319 1160 2405 atque

112 2420 292 2516 religione
308 2421 546 2493 incuteretur.

176 2543 238 2608 21.
265 2535 322 2606 Ex
349 2558 426 2630 quo·
448 2534 611 2630 sequitur
632 2535 901 2630 jusjurandum
926 2536 1071 2631 concipi
1095 2536 1333 2656 de-Jusppnpm

111 2650 201 2722 bere
218 2673 264 2721 ea
279 2647 448 2738 formula,
467 2671 539 2744 qua
557 2648 671 2721 utitur
687 2649 718 2720 is
736 2649 799 2744 qui
812 2649 957 2744 accipit.
1010 2650 1160 2723 Frustra
1171 2627 1361 2730 minuis

113 2762 212 2835 enim
240 2761 403 2856 adigitur
431 2761 561 2858 aliquis
584 2762 631 2835 ad
647 2762 916 2858 jusjurandum
941 2786 1008 2858 per
1038 2762 1157 2834 Deum
1170 2743 1337 2866 3333?

112 2899 222 2970 quem
242 2898 318 2947 non
329 2875 457 2965 credit,
469 2874 624 2974 ideoque
634 2898 753 2970 neque
771 2875 913 2948 metuit.
963 2875 1043 2948 Etsi
1060 2875 1157 2948 euim

112 2988 253 3062 lumine
269 2988 428 3061 naturali
441 2989 527 3061 sciri
538 2987 653 3085 possit
671 2988 789 3061 Deum
802 3012 892 3077 esse,
908 3012 1018 3062 nemo
1034 3003 1158 3063 tamen

113 3101 301 3199 perillum
319 3125 357 3174 se
374 3102 498 3197 jurare
522 3102 721 3175 arbitratur
737 3101 810 3174 alia
825 3102 993 3194 formula,
1011 3104 1070 3178 vel
1086 3104 1157 3177 alio

114 3215 276 3304 nomine,
291 3238 401 3310 quam
412 3215 510 3311 quod
520 3237 594 3288 suae
610 3214 735 3311 ipsius,
748 3215 819 3288 hoc
836 3225 894 3288 est
906 3217 964 3311 (ut
976 3217 1160 3292 existimet

115 3328 227 3425 isqui
249 3327 363 3423 jurat)
387 3351 483 3400 verae
508 3326 694 3424 religionis
719 3329 912 3425 praeoeptis
937 3331 1158 3404 continetur.

164 3452 228 3516 22.
255 3441 311 3514 Ex
343 3441 454 3514 allata
478 3441 741 3537 jurisjurandi
767 3440 981 3516 definitione
1003 3444 1331 3542 mugientum

114 3565 250 3653 potest,
258 3564 416 3653 pactum
429 3555 569 3628 nudum
581 3579 657 3628 non
670 3555 791 3628 minus
805 3556 979 3653 obligare,
993 3582 1103 3654 quam
1120 3557 1159 3631 iu
1171 3520 1371 3642 iffi-iffi&

114 3668 216 3765 quod
235 3667 450 3762 juravimus
501 3667 660 3741 Pactum
683 3667 780 3741 euim
798 3678 854 3742 est
871 3693 943 3766 quo
961 3670 1158 3766 adstringi·
1171 3655 1320 3708 “mim

115 3805 221 3866 mur;
239 3782 494 3876 juramentum
511 3781 560 3855 ad
578 3781 807 3879 punitionem
828 3782 990 3858 divinam
1012 3786 1156 3874 attinet,

115 3920 228 3991 quam
244 3916 445 3991 provocare
462 3894 628 3992 ineptum
639 3905 746 3984 esset,
761 3895 791 3968 si
803 3897 902 3991 pecti
915 3897 1064 3971 violatio
1081 3921 1158 3971 non

117 4021 215 4082 esset
231 4031 298 4105 per
316 4031 354 4080 se
381 4006 519 4081 illicita.
570 4007 704 4082 Illicita
728 4019 852 4082 autem
869 4033 943 4082 non
962 4021 1068 4099 esset,
1086 4010 1157 4083 nisi

119 4135 268 4218 pactum
293 4132 391 4194 esset
407 4120 677 4217 obligatorium.
730 4123 921 4213 Praeterea,
946 4123 1008 4219 qui
1025 4147 1159 4198 renun-

988 4253 1044 4309 N2
