2834 4912
255 335 311 387 on
331 333 512 389 uncinus
531 329 711 386 nnuunn
731 330 947 391 nnuroum.
1054 317 1122 386 195

80 511 135 574 eut
159 499 278 596 igitur
305 497 590 574 existimandum
615 511 760 588 notura,
785 497 857 573 hoc
883 507 952 588 est,
982 497 1125 572 ratione
1155 531 1251 583 ποτ,
1270 533 1320 584 nr.

81 613 234 711 obligari
250 613 419 688 homiues
435 613 484 687 ed
504 611 720 687 exercitium
732 635 859 686 eorum
873 611 1075 703 omnium*
1086 612 1126 686 in
1166 609 1309 718 „L

81 751 123 802 eo
139 739 240 802 stetu
255 725 449 801 homiuum
463 725 501 800 in
519 748 593 822 quo
613 747 689 799 non
715 735 933 800 exercentur
960 727 1006 800 eb
1032 725 1125 800 eliis.

82 841 227 914 Interea
235 837 1126 936 temenobligamurcdenimumeesobservondi,

80 951 565 1051 quandocunqueudfinem,
578 950 1126 1049 edquemordineuttu,eerum

80 1065 287 1142 observatio
309 1065 517 1140 conducere
541 1064 738 1139 videbitur.
790 1065 951 1163 Ideoque
977 1062 1127 1140 conclu-

80 1179 243 1255 dendum
253 1193 322 1270 est,
331 1177 452 1276 legem
462 1188 605 1253 neturae
615 1201 760 1275 semper
768 1189 808 1254 et
817 1179 953 1276 ubique
963 1177 1127 1276 obligare

81 1295 118 1368 in
127 1293 231 1392 soro
257 1291 507 1366 interuenire
537 1291 780 1382 efficientia,
812 1315 887 1367 non
919 1313 1063 1389 semper
1087 1291 1128 1365 in

67 1407 164 1504 soro
182 1413 342 1480 externo
350 1431 368 1490 ,-
393 1403 555 1478 sedtum
572 1403 813 1497 solummodo,
840 1429 925 1480 cum
942 1427 1071 1480 secure
1087 1403 1128 1479 id

79 1521 157 1594 fieri
174 1517 305 1617 possit.

127 1641 190 1708 28.
209 1632 403 1708 Quaevero
415 1630 516 1730 leges
529 1633 791 1707 conscientium
806 1632 983 1730 obligent,
996 1629 1127 1705 violari
1140 1651 1325 1710 nomm„
1405 1625 1407 1710 g

80 1757 234 1845 poscunt
249 1743 362 1832 fecto,
379 1768 457 1819 non
474 1744 592 1820 solum
609 1745 653 1820 iis
672 1745 869 1836 contrario,
897 1743 963 1820 sed
979 1756 1020 1819 et
1039 1768 1127 1819 con·
1139 1719 1344 1844 fflffli.

80 1871 281 1934 sentaueo:
313 1856 493 1955 siquidem
523 1859 586 1957 qui
615 1859 718 1948 iecit,
752 1859 978 1934 contrarium
1006 1869 1126 1956 putet.
1140 1853 1292 1896 mm

82 1971 316 2069 Quemquam
343 1971 442 2046 euim
472 1973 570 2048 ectio
596 1973 677 2072 ipsc
706 1973 908 2048 seeundum
936 1971 1037 2071 leges
1066 1971 1127 2063 eit,

81 2085 310 2161 conscientie
326 2097 451 2160 tamen
469 2099 601 2162 contra
617 2097 685 2162 est.

127 2208 191 2274 29.
218 2199 338 2298 Leges
351 2211 496 2275 neturae
513 2199 762 2275 immutabiler
788 2211 826 2275 et
851 2209 998 2276 eterne
1020 2211 1127 2274 suntr
1144 2223 1313 2300 teram

80 2311 180 2410 quod
199 2324 342 2400 vetent,
366 2335 558 2410 nunquam
582 2313 724 2389 licitum
749 2337 829 2390 esee
853 2325 1000 2412 potest:
1028 2285 1347 2412 quod'“¹'‘¹¹''''“¹”¹”

78 2427 223 2523 jubent,
254 2449 447 2524 uunquam
470 2426 652 2503 illicitum.
705 2427 917 2525 Numquam
943 2427 1043 2501 enim
1072 2451 1134 2500 rre-

77 2539 1134 2640 perdiu,ingrutitudo,puctorcmoiolctio‚uiveinjurio,

86 2653 349 2744 inhumaniter,
381 2655 604 2729 contumelia
629 2654 754 2746 licitae,
776 2679 846 2728 nec
863 2654 1059 2728 contrariae
1077 2652 1135 2728 his

86 2765 239 2841 virtutes
257 2765 400 2841 illicitae
417 2777 538 2860 erunt,
557 2781 738 2865 quotenus
750 2791 819 2865 pro
843 2767 958 2841 enimi
982 2765 1137 2864 disposi-

124 2965 336 3026 *Eeercilium
354 2985 453 3024 earum
475 2967 608 3036 omnium,
621 2965 690 3042 etc]
713 2965 776 3026 Imo
790 2967 865 3026 inter
875 2967 926 3025 heu
948 2966 1026 3043 legen
1039 2965 1136 3044 ulique

88 3067 159 3126 tunt,
172 3077 298 3136 quorum
314 3058 342 3116 iu
357 3065 433 3116 rictu
448 3057 571 3116 nutureii
585 3059 709 3128 omissio,
721 3059 808 3118 modo
821 3059 849 3116 id
864 3059 944 3135 pecie
956 3057 1002 3116 vel
1012 3057 1055 3116 eui
1067 3076 1136 3117 oon·

89 3151 214 3208 mundi
242 3169 332 3209 cauce
357 3149 417 3218 det,
444 3150 516 3227 legio
539 3149 675 3209 naturalis
702 3149 869 3228 adimpletio
892 3151 988 3227 potius
1012 3150 1135 3220 ridetur,

90 3257 171 3316 quum
184 3241 314 3300 violatio.
355 3227 433 3298 Nem
457 3241 508 3318 qui
533 3243 631 3300 omnio
654 3239 725 3300 iecit
748 3251 850 3301 contre
870 3243 968 3300 omniu
988 3239 1136 3312 facientes,

90 3333 226 3410 eripitque
240 3332 427 3409 rapientibus,
436 3351 552 3410 equum
567 3332 647 3393 iecit.
668 3331 894 3404 contuentem,
905 3333 935 3393 id
948 3333 1044 3394 iecere
1057 3333 1137 3411 quod

91 3421 117 3478 in
131 3441 200 3498 pecc
213 3423 318 3482 mount
331 3432 375 3482 ert
388 3431 418 3482 et
436 3423 558 3484 modesti
579 3425 711 3496 hominii,
726 3425 754 3483 io
776 3425 852 3484 bello
865 3425 982 3504 ignavie
993 3435 1037 3486 ert
1050 3435 1080 3486 et
1092 3437 1136 3495 rui

91 3513 217 3587 proditio.
252 3513 329 3575 Suut
342 3523 438 3574 eutem
453 3515 531 3594 leger
545 3516 649 3594 ulique
663 3517 818 3586 nutureleu,
831 3537 954 3596 querum
969 3537 1005 3578 ue
1019 3519 1047 3577 in
1062 3515 1138 3576 bello

91 3605 201 3679 quidem
215 3605 386 3664 exercitium
401 3607 515 3666 desinit.
536 3607 611 3666 Num
625 3609 695 3686 quid
710 3609 842 3680 ebrietes,
856 3609 963 3688 quidve
975 3609 1138 3678 crudeliter,

92 3695 118 3752 id
131 3707 180 3768 err,
194 3697 322 3757 vindicte
343 3717 410 3774 quoe
433 3697 562 3757 futurum
587 3699 695 3758 bonurn
716 3717 774 3758 non
788 3701 914 3777 respicit,
928 3701 963 3759 ed
978 3709 1138 3778 pacemne}

91 3791 332 3850 ormentionem
348 3789 518 3868 quuoquem
533 3791 656 3850 hominio
670 3791 801 3850 conferre
815 3793 913 3869 poscit,
928 3811 985 3851 non
1000 3791 1138 3870 intelligo.

93 3875 225 3950 Breviter,
238 3883 268 3940 in
282 3889 359 3940 rtetu
381 3891 501 3952 nature,
509 3883 621 3961 justum
636 3893 666 3942 et
679 3882 815 3961 injuctum
837 3902 894 3943 nou
908 3903 944 3944 ex
964 3883 1138 3950 actionibus,

18 3975 20 4032 r
92 3971 139 4028 ted
152 3991 186 4030 ex
200 3973 319 4034 concilio
333 3983 363 4034 et
377 3977 554 4036 conscientie
574 3976 722 4054 egentium
744 3975 944 4035 morimundum
958 3983 1010 4034 eet
1050 3974 1138 4040 Quod

94 4065 257 4133 necereerio,
278 4065 358 4142 quod
382 4065 478 4124 studio
501 4069 588 4143 pacis,
602 4066 682 4146 quod
706 4069 750 4126 roi
775 4067 962 4126 conservandi
984 4083 1072 4124 cuore
1094 4067 1137 4136 fir,

94 4161 169 4210 recte
181 4153 221 4212 ur„
262 4155 402 4233 Alioquin
417 4175 501 4216 omne
517 4157 653 4216 dernnum
666 4157 774 4217 homini
789 4157 899 4217 illatum
914 4156 985 4235 legin
999 4155 1138 4216 naturalis

96 4241 206 4304 violatio
217 4255 305 4324 utque
319 4247 348 4306 iu
364 4245 463 4307 Deum
477 4247 582 4327 injurie
594 4257 646 4308 eut.

974 4365 1026 4416 02
