2918 4912
163 337 220 388 na
239 336 348 388 suan
369 334 483 403 nsua,
504 334 576 386 cm
597 335 785 388 summum
805 334 1034 390 minumum.
1076 320 1149 387 229

153 511 213 575 16.
240 500 407 592 Furtum,
432 501 679 591 homicidium,
697 501 936 592 adulterium,
961 511 1072 598 atque
1095 500 1151 574 iu-
1179 531 1277 585 secr,
1292 533 1347 584 ιιι.

91 615 215 711 juria
234 640 362 690 omnes
377 615 521 712 legibus
532 625 674 689 naturae
690 615 953 713 prohibentur.
979 625 1154 689 catorum

100 728 250 825 quidm
268 729 347 804 cive
361 728 529 826 furtum,
552 727 641 823 quid
664 727 910 819 homicidium,
929 727 1018 824 quid
1043 727 1152 801 adul·
1165 748 1226 800 auio
1235 749 1316 792 »i-tm

1190 679 1334 714 »vu

1164 813 1316 866 mhomici·

1358 327 1363 336 ο

1445 377 1446 388 t

100 843 250 932 terium,
269 840 358 938 quid
387 840 588 937 denique
574 842 716 938 injuria
746 841 1003 939 appellandum
1031 841 1091 930 sit,
1114 819 1218 916 ld
1165 879 1233 932 aum
1242 877 1324 922 aaa
1445 925 1446 928 Ἴ

99 981 177 1029 non
203 954 386 1044 naturali,
407 953 472 1028 sed
498 955 602 1027 ciuili
628 954 715 1054 lege
732 954 1054 1030 determinandum
1084 965 1266 1065 estimo„
1166 944 1230 994 Μ
1238 943 1339 1050 hlud?
1445 945 1446 960 ¹

100 1072 191 1144 Non
209 1070 310 1142 enim
328 1069 446 1142 omnis
470 1068 605 1143 ablatio
633 1069 699 1158 rei,
717 1093 827 1165 quam
855 1070 948 1143 alter
974 1067 1151 1166 possidet,
1164 1071 1345 1131 usnemun

99 1184 166 1257 sed
185 1183 390 1256 re1alieua
404 1193 561 1272 tantum,
566 1182 722 1280 furtum
735 1193 807 1267 est;
826 1182 915 1279 quid
932 1193 1055 1256 autem
1070 1207 1153 1255 uor-

99 1306 200 1368 trum
218 1305 286 1385 est,
318 1295 407 1392 quid
434 1295 607 1384 ulieuum,
635 1293 735 1393 legis
754 1295 877 1369 ciuilia
908 1295 1061 1393 quaestio
1084 1306 1151 1382 est,

100 1409 283 1483 Similiter
308 1433 386 1482 non
413 1409 533 1482 omnis
559 1408 694 1482 occisio
732 1407 890 1482 hominis
917 1408 1152 1482 homicidium

99 1535 169 1613 est,
183 1522 250 1596 sed
264 1523 342 1618 ejus
357 1533 502 1594 tantum
515 1545 624 1618 quem
638 1521 806 1594 occidere
815 1534 918 1596 vetat
933 1521 995 1594 lea
1006 1520 1151 1605 ciuilie;

98 1660 222 1732 neque
239 1635 359 1708 omnis
377 1635 594 1708 concubitus
608 1634 836 1707 adulterium
849 1645 916 1726 est,
934 1634 1000 1708 sed
1020 1634 1051 1708 is
1069 1647 1152 1707 tan-

99 1761 181 1822 tum
200 1773 312 1845 quem
339 1746 446 1846 leges
464 1748 594 1821 ciuiles
619 1748 828 1845 prohibent.
880 1749 1048 1844 Denique
1065 1772 1152 1846 pro-

100 1860 204 1935 missi
237 1860 387 1934 violatio
417 1861 560 1957 iujuria
590 1870 657 1950 est,
688 1860 753 1933 ubi
785 1861 905 1958 ipsum
933 1861 1151 1958 promissum

99 1976 245 2049 licitum
267 1986 347 2059 est;
372 1975 438 2047 ubi
463 1999 550 2048 vero
571 1977 640 2071 jue
668 1999 744 2048 non
771 1985 827 2048 θεῖ
851 1975 1072 2072 paciscendi,
1099 1974 1152 2048 ibi

100 2090 246 2162 nullum
255 2090 323 2185 jue
340 2089 494 2173 transit3
520 2087 678 2183 ideoque
695 2088 796 2161 nulla
813 2087 980 2186 sequitur
997 2089 1150 2186 iujuria,

105 2213 150 2274 ut
181 2203 407 2275 dictumest
435 2201 555 2298 capite
583 2225 630 2275 11.
662 2202 767 2275 artie.
790 2205 846 2286 17.
899 2203 993 2278 Qua
1026 2213 1150 2276 autem

100 2315 241 2412 pacisci
267 2337 473 2410 possumus
503 2325 542 2388 et
569 2339 652 2410 quae
681 2337 757 2387 non
782 2338 986 2413 possumus,
1020 2315 1150 2415 alogi

102 2429 210 2502 ciuili
226 2427 376 2525 pendet.
428 2429 543 2501 Recte
559 2427 674 2524 igitur
690 2428 811 2502 sanxit
833 2426 961 2502 civitas
978 2429 1150 2503 Lacedae·

101 2543 313 2616 moniorum
330 2541 480 2636 impune
496 2540 576 2613 fore
601 2539 906 2631 adolescentibus
925 2541 956 2614 si
973 2541 1149 2637 quasdam

102 2679 159 2728 res
190 2655 246 2727 ita
271 2652 352 2726 aliis
375 2654 572 2744 auferrent,
596 2664 638 2727 ut
667 2677 742 2727 non
765 2653 1148 2751 deprehenderentur;

102 2768 197 2840 nihil
214 2766 314 2838 enim
331 2766 432 2839 aliud
448 2777 539 2855 erat,
558 2791 667 2862 quam
685 2767 805 2864 legem
820 2767 955 2858 facere,
972 2779 1016 2840 ut
1032 2791 1148 2856 auum,

103 2906 177 2954 non
198 2880 360 2953 alieuum
386 2889 493 2968 esset,
512 2879 612 2976 quod
637 2879 690 2952 sic
717 2879 981 2976 acquireretur.
1033 2879 1148 2954 Recte

103 2993 191 3066 item
218 2993 354 3088 ubique
379 2993 571 3079 occiditur,
589 3016 699 3090 quem
724 2993 821 3066 bello
844 2993 904 3067 vel
933 2995 1148 3068 necessitate

102 3107 263 3203 propriae
282 3104 504 3179 defensionis
522 3105 734 3179 occidimus.
776 3105 962 3196 Similiter,
981 3107 1043 3202 qui
1060 3132 1149 3181 con-

104 3222 250 3294 cubitus
273 3218 314 3290 in
343 3242 418 3291 una
444 3218 592 3292 civitate
619 3218 892 3292 matrimonium
918 3230 986 3310 θεῖ,
1012 3220 1052 3294 in
1077 3220 1150 3294 aha

104 3331 331 3407 adulterium
358 3330 598 3427 judicabitur,
629 3343 667 3406 et
696 3356 931 3406 econverso.
982 3333 1077 3407 Item
1105 3357 1150 3408 ea

103 3457 225 3542 pacta,
244 3469 327 3540 quae
343 3444 485 3518 faciunt
511 3445 782 3518 matrimonium
809 3447 848 3519 in
870 3470 945 3520 uno
963 3447 1054 3538 cive,
1072 3472 1149 3522 non

104 3561 202 3634 idem
218 3560 361 3632 faciunt
387 3559 426 3632 in
443 3559 527 3648 alio,
545 3583 767 3654 quamquam
783 3559 947 3656 ejusdem
964 3559 1123 3634 civitatis
1138 3593 1148 3646 ;

103 3685 301 3771 propterea
327 3671 426 3768 quod
453 3673 516 3768 qui
542 3673 759 3768 prohibetur
775 3697 797 3746 a
814 3673 975 3763 civitate,
990 3673 1062 3747 hoc
1079 3685 1147 3763 est,

104 3789 147 3860 ab
174 3812 220 3860 eo
247 3785 306 3859 vel
329 3786 472 3858 hamiuc
498 3787 557 3861 vel
581 3787 738 3860 coucilia
757 3789 860 3884 cujus
885 3798 941 3860 θεῖ
967 3812 1149 3860 summum

105 3901 141 3972 in
159 3899 315 3973 civitate
333 3898 539 3994 imperinm,
559 3899 747 3996 quidpiam
771 3900 920 3996 pacisci,
938 3925 1013 3973 non
1036 3900 1150 3974 habet

101 4013 158 4106 jus
184 4010 420 4108 paciscendi;
446 4034 566 4107 neque
596 4035 684 4106 ergo
710 4022 860 4108 pactum
888 4015 965 4109 ejus
989 4012 1150 4087 validum

106 4138 182 4209 est;
210 4149 287 4198 non
305 4125 353 4196 sit
371 4148 458 4220 ergo
478 4124 760 4200 matrimonium.
815 4128 903 4223 Ejus
921 4138 1047 4199 autem
1061 4153 1149 4224 pac-

107 4250 196 4330 tum,
216 4239 279 4334 qui
301 4238 452 4311 minime
480 4238 757 4335 prohibebatur,
785 4240 867 4313 ideo
895 4241 1056 4314 vahdum
1080 4254 1148 4332 est,
