2896 4914
216 326 269 379 ns
289 321 690 379 usrunsnursrrosa
709 322 891 392 onrncrr,
911 323 998 377 nro.
1071 307 1119 377 29

494 740 654 816 CAPUT
670 739 733 815 IV.

99 928 147 980 llll
164 925 573 980 REPRAESENTATIONE
586 927 751 980 oarac‘rl
766 927 813 980 IN
826 924 1120 980 Paasnacrlvn.

98 1062 122 1116 l.
141 1057 252 1116 Natura
262 1057 383 1134 picturis
401 1061 586 1136 perspectiva
604 1061 634 1117 in
648 1077 707 1137 quo
726 1059 862 1120 consistit.
900 1063 930 1120 2.
951 1053 1122 1134 Rectangnli

131 1151 232 1208 infiniti
246 1152 457 1228 repreasentatio
470 1151 499 1210 in
513 1152 691 1230 perspectiva
709 1157 753 1210 est
764 1151 947 1230 triangulum.
985 1155 1014 1212 3.
1035 1149 1123 1208 liest-

131 1243 267 1320 engnlum
280 1244 423 1302 infinitum
440 1263 496 1303 nou
510 1250 728 1323 representatur
740 1263 758 1304 a
771 1244 914 1322 triangulo
934 1251 1052 1321 propter
1072 1243 1123 1302 ob·

127 1335 195 1412 jecti
209 1355 277 1394 cum
290 1336 388 1395 tabula
406 1337 627 1406 similitudinem,
641 1337 692 1396 sed
704 1345 822 1414 propter
840 1337 1053 1396 similitudinem
1074 1335 1124 1394 tri·

131 1427 227 1505 soguli
240 1447 308 1486 curn
321 1429 486 1505 apparentia
498 1429 655 1506 reetnnguli
668 1427 781 1488 infiniti.
819 1434 849 1490 4.
867 1429 1038 1506 Trapezium
1054 1445 1125 1506 quo·

131 1521 215 1579 modo
228 1528 413 1597 representat
421 1521 546 1598 speciem
558 1521 716 1598 rccmnguli
728 1521 813 1580 liniti.
849 1525 879 1582 5.
899 1521 1125 1587 Qoatuortrian·

131 1613 197 1690 gule
216 1613 376 1689 mctauguli
396 1613 478 1672 divisi
491 1613 678 1692 diagonaliter
689 1615 719 1673 in
733 1621 858 1692 quatuor
869 1613 1013 1692 triangula
1025 1612 1126 1672 melius

131 1707 257 1764 excitant
269 1705 435 1764 memoriam
448 1714 572 1783 quatuor
584 1705 815 1784 rectangnlorum
826 1705 919 1776 simul,
933 1725 1020 1784 quam
1036 1723 1127 1764 unum

132 1798 307 1876 triangulum
330 1799 413 1856 nnius
431 1799 599 1878 rectanguli.
637 1803 667 1861 6.
687 1797 718 1858 Si
738 1818 804 1877 quta
816 1799 951 1876 propiora
963 1796 1126 1857 suntoculo

132 1892 252 1949 clariora
273 1891 428 1966 pinguntur
441 1909 527 1968 quum
549 1891 702 1950 remotiora
714 1910 767 1969 pro
787 1893 896 1950 ratione
916 1891 1025 1950 basium
1039 1889 1127 1948 trinn-

132 1982 191 2060 guli
212 1984 457 2059 representans„
488 1984 574 2042 etiam
597 1983 740 2044 efficacior
765 1983 816 2044 flet
837 1983 1059 2063 representatis.
1098 1983 1127 2046 7.

132 2074 227 2134 Etinm
239 2094 278 2134 ex
290 2075 411 2152 adpictis
423 2076 454 2134 in
467 2076 568 2136 eudem
580 2077 690 2136 ratione
702 2077 812 2136 umbr'u
823 2077 994 2136 animalibus
1006 2076 1126 2152 aliisque

133 2168 352 2228 circumstantiis
362 2169 573 2245 representatio
586 2169 796 2228 corroboratur.
826 2173 854 2230 8.
875 2168 1128 2246 Tabulapcrspes·

133 2262 198 2330 tiva,
212 2261 236 2318 si
254 2267 400 2336 spectetur
417 2279 470 2337 per
493 2261 609 2338 aliquod
632 2262 768 2340 exiguum
788 2260 926 2330 foramen,
946 2279 1035 2340 quare
1048 2265 1128 2320 tauto

134 2353 276 2411 efficacius
289 2371 350 2410 rem
363 2360 555 2429 representat.
594 2359 624 2416 9.
644 2353 792 2414 circulum
804 2373 941 2432 apparere
953 2355 983 2412 in
996 2371 1129 2431 perspec-

133 2447 199 2515 tiva,
210 2452 403 2522 preterquam
422 2445 451 2503 in
470 2447 556 2504 unico
568 2447 634 2515 situ.
648 2445 767 2523 ellipsin.
808 2449 854 2508 10.
875 2443 1025 2516 Parabola,
1039 2464 1131 2522 quan·

134 2540 170 2598 do
182 2547 284 2598 vertex
304 2538 366 2615 ejus
385 2540 520 2598 remotior
532 2545 576 2598 est
587 2541 625 2599 ab
642 2539 726 2598 oculo
739 2557 826 2618 quam
838 2539 923 2610 basis
936 2545 1055 2615 apparet
1066 2545 1130 2594 tnn-

135 2650 219 2708 quam
242 2631 409 2709 hyperbole.
459 2635 506 2692 11.
527 2631 678 2692 contrario
697 2633 755 2690 situ
780 2639 900 2709 apparet
924 2631 1038 2707 ellipsis.
1071 2628 1130 2694 Qui

136 2725 245 2782 ubulm
264 2723 451 2800 perspectivas
471 2725 598 2783 intuetur
620 2725 661 2782 ita
673 2733 706 2782 ut
719 2725 796 2782 visus
808 2722 931 2792 tulum,
944 2740 1002 2782 non
1015 2721 1130 2798 proprie

136 2816 212 2874 videt
235 2834 297 2873 rem
317 2815 424 2890 pictam
443 2815 492 2874 sed
514 2834 611 2874 veram
628 2807 803 2874 recordatur.
841 2814 933 2874 Index
945 2813 1131 2891 perspectiva

136 2909 207 2985 quis.
247 2911 294 2967 12.
317 2906 505 2984 Perspectivae
527 2907 638 2967 inversa
659 2916 711 2976 est,
725 2927 812 2986 quam
831 2907 914 2966 liuesc
935 2905 1057 2965 visuales
1079 2924 1132 2983 per

135 3009 241 3076 puncta
253 2999 363 3077 objecti
373 3007 551 3060 transeumes
564 3001 714 3078 designaut
726 3002 756 3061 in
770 3002 856 3079 plano
869 3001 1013 3059 ulteriore.

106 3119 666 3220 1.Rc1›nsscsmr10figurae
695 3121 735 3196 in
754 3120 1002 3220 perspectiva
1032 3117 1133 3192 aliud
1167 3141 1264 3192 snos.
1278 3137 1316 3190 11.

102 3233 189 3306 nihil
218 3245 276 3307 est
307 3243 441 3328 praeter
465 3233 643 3309 linearum
668 3237 707 3310 in
736 3236 893 3334 objecto,
910 3235 1069 3308 visarum
1093 3233 1133 3307 in
1172 3219 1314 3322 ,L

104 3346 289 3442 superficie
317 3348 440 3445 eliqua
461 3348 678 3448 interpositu
705 3351 802 3425 inter
828 3350 974 3425 oculum
1004 3360 1042 3423 et
1069 3348 1332 3440 obp-tuomet·

100 3461 245 3555 jectum,
264 3461 556 3559 descriptionem.
1146 3435 1318 3555 min

148 3575 215 3648 Est
236 3575 362 3671 itaque
371 3577 618 3675 perspectiva
635 3601 694 3652 urs
711 3577 940 3652 describendi
956 3576 1135 3651 sectiones

104 3689 343 3785 pyramidum,
360 3691 470 3784 (inter
484 3692 692 3790 pyramides
708 3693 778 3767 hoc
794 3691 877 3767 loco
900 3693 1012 3767 etism
1026 3711 1136 3764 conos

106 3802 403 3901 comprehendo,)
423 3804 463 3878 in
489 3805 680 3903 superficie
710 3807 785 3880 sive
814 3807 924 3905 plano
953 3806 1029 3880 sive
1061 3828 1136 3877 non

104 3916 220 4010 plana.
274 3918 370 3991 Cum
397 3919 495 3992 enim
521 3921 561 3993 in
575 3921 715 3995 visione
740 3945 865 3995 omnes
889 3920 982 3994 radii
996 3918 1138 3992 ductio

105 4029 277 4105 lateribus
295 4033 429 4130 objecti
441 4044 662 4107 concurrant
682 4035 777 4133 (cup.
794 4056 839 4108 11.
858 4045 926 4108 nrt.
946 4043 980 4124 2,
998 4032 1138 4127 coroll.)

105 4143 141 4215 in
157 4157 285 4219 centro
310 4146 451 4237 retinae,
468 4148 512 4220 fit
538 4147 584 4221 ab
611 4148 655 4220 iis
678 4149 845 4223 omnibus
862 4146 969 4221 simul
986 4148 1139 4245 sumptis

111 4259 332 4355 superficies
361 4259 392 4334 si
426 4259 574 4357 quidem
603 4259 719 4336 latero
745 4263 868 4336 omnia
900 4261 1036 4360 objecti
1065 4262 1140 4335 sint
