2912 4912
407 782 862 855 EXCELLENTISSIMO
886 788 1002 855 VIRO

498 1007 910 1128 GULIELMO,

351 1257 637 1344 COMITI
684 1261 1063 1360 DEVONIAE,

444 1489 580 1534 DOMINO
603 1490 677 1534 MEO
701 1491 962 1538 COLENDISSIMO·

135 1926 289 1998 Porum
318 1925 488 2012 Romani,
516 1923 693 1997 memoria
718 1924 1014 2020 Tarquiniorum,
1046 1935 1084 1998 et
1115 1925 1275 2000 civitatis

133 2072 316 2161 instituto,
329 2072 478 2168 regibus
503 2072 631 2167 iniqui,
658 2095 729 2143 vox
757 2082 848 2162 erat,
876 2071 1179 2145 excellentissime
1202 2073 1277 2147 Do-

130 2225 239 2313 mine,
257 2222 403 2319 prolata
419 2245 482 2295 ore
501 2221 620 2295 Marci
638 2221 788 2296 Catonis
816 2221 999 2312 Censoris
1025 2247 1130 2320 reges
1148 2248 1275 2298 omnes

131 2373 173 2445 de
190 2396 328 2468 genere
342 2396 419 2446 esse
431 2371 632 2446 bestiarum
645 2371 845 2466 rapacium.
889 2371 972 2469 lpse
983 2383 1106 2446 autem
1116 2374 1274 2472 populus

130 2523 328 2612 Romanoa,
356 2521 420 2618 qui
446 2545 513 2617 per
539 2519 744 2605 Africanos
774 2519 968 2610 Asiaticos,
1000 2522 1272 2612 Macedonicos

129 2671 321 2760 AchaicoS,
346 2682 572 2766 caeterosque
589 2694 612 2742 a
627 2668 792 2766 spoliatis
808 2670 981 2765 gentibus
995 2674 1274 2768 cognominatos

129 2821 236 2910 civeS,
272 2830 393 2894 totum
422 2819 499 2892 fere
525 2819 651 2893 orbem
689 2831 871 2892 terrarum
906 2820 1118 2918 diripuerat,
1154 2825 1273 2920 qualis

126 2970 248 3043 bellua
279 2969 383 3043 erat?
433 2971 522 3042 Non
551 2971 671 3042 minus
697 2994 785 3066 ergo
812 2995 923 3065 quam
956 2973 1060 3060 Cato,
1090 2974 1273 3071 sapienter

127 3117 217 3191 dixit
236 3119 387 3191 Pontius
404 3118 604 3191 Telesinus.
657 3119 693 3191 Is
710 3119 839 3215 proelio
858 3119 906 3192 ad
923 3121 1071 3194 Portam
1089 3121 1271 3196 Collinam

127 3280 255 3340 contra
273 3268 411 3364 Syllam
428 3267 693 3340 circumvolans
711 3265 859 3340 ordines
877 3266 1144 3359 exercitussui,
1168 3270 1269 3343 voci-

125 3418 335 3514 feratusque
356 3417 556 3524 eruendam
574 3417 839 3512 delendamque
863 3418 980 3513 ipsam
1007 3419 1175 3508 Romam,
1203 3418 1269 3492 ad-

122 3569 283 3662 jiciebat,
303 3572 327 3606 ‘⁶
338 3593 527 3664 nunquam
538 3567 729 3640 defuturos
746 3578 913 3663 raptores
931 3567 1070 3642 Italicae
1087 3569 1268 3660 libertatis

125 3719 246 3818 lupos,
264 3719 336 3792 nisi
353 3719 466 3815 sylva,
493 3719 660 3814 inquam
685 3717 854 3814 refugere
881 3717 1053 3808 solerent,
1082 3729 1177 3790 esset
1202 3742 1266 3790 ex·

125 3873 230 3946 cisa.''
284 3872 453 3947 Profecto
464 3883 662 3968 utrumque
672 3896 757 3945 vere
768 3871 909 3945 dietum
920 3877 988 3961 est,
1007 3869 1265 3943 bonohomini

125 4023 226 4113 deur,
245 4033 283 4097 et
303 4023 408 4094 lromo
423 4023 561 4135 homini
579 4021 702 4120 lupus.
741 4022 848 4109 Illud,
861 4023 893 4094 si
906 4021 1075 4094 concives
1091 4022 1189 4094 inter
1201 4045 1263 4106 se;

123 4173 203 4263 hoc,
218 4174 249 4248 si
260 4174 428 4248 civitates
441 4197 709 4270 comparemus.
763 4173 842 4247 Illic
857 4171 1002 4269 justitia
1019 4182 1056 4246 et
1070 4170 1271 4260 charitate,
