2904 4912
345 292 399 344 ns
420 291 695 346 Nucussusrrs
714 293 770 346 so
792 293 998 348 saturnu.
1117 281 1191 348 429

142 458 183 534 iu
209 458 274 532 illa
298 473 435 552 autem,
453 461 538 535 sala
564 461 804 545 obelierium
831 461 898 536 sed
913 483 1034 558 neque
1048 460 1193 557 justitia
1232 496 1328 548 sper,
1341 495 1393 548 111,

142 574 232 663 sola,
249 597 371 670 neque
387 575 479 650 fides
496 576 575 650 sola
591 599 635 648 sa
637 574 795 670 laificat,
768 575 879 649 tsed
896 575 1005 648 simul
1022 576 1152 648 amba.
1232 575 1374 678 L

198 695 254 760 13.
280 687 519 784 Ex''11s,quae
544 688 723 762 hacteuus
746 688 847 762 dicta
872 700 969 777 sunt,
986 687 1094 762 facile
1120 687 1192 762 erit
1205 713 1285 758 rnen
1278 715 1331 758 ua

140 799 350 895 perspicere
368 801 459 895 quid
485 801 533 875 sit
558 801 718 875 officium
745 802 881 876 civium
899 779 1396 902 Christianorumfhmffipss

142 937 233 1010 erga
260 937 421 988 summos
455 913 693 1012 imperantes
747 916 833 1006 Qui,
863 916 1038 1012 quamdiu
1066 915 1190 990 Chris·
1202 910 1365 1020 Ἥῃξζ

140 1027 263 1101 tiauos
282 1050 360 1100 esse
379 1051 417 1101 se
434 1029 667 1125 profitentur,
682 1029 838 1102 subditis
851 1029 926 1102 suis
943 1039 986 1103 ut
1004 1029 1190 1103 Christum
1202 1041 1335 1086 erasum.

140 1153 278 1236 negent
294 1142 353 1214 vel
378 1142 603 1215 contumelia
628 1143 790 1217 afficiant
812 1144 995 1240 imperare
1011 1167 1088 1216 non
1104 1167 1190 1240 pos-

140 1265 250 1338 sunt;
276 1279 363 1328 uam
381 1257 412 1328 si
432 1257 504 1330 hoc
522 1257 758 1352 imperarent,
775 1258 1040 1352 profiterentur
1056 1281 1096 1330 se
1113 1281 1190 1332 non

139 1389 221 1440 esse
239 1367 480 1442 Christianos.
533 1369 626 1442 cum
653 1369 751 1443 enim
777 1381 964 1443 ostensum
990 1371 1049 1462 sit,
1070 1381 1108 1444 et
1132 1396 1190 1445 ra·

138 1480 241 1555 tione
254 1482 413 1555 naturali
426 1493 464 1554 et
482 1507 528 1555 ex
546 1483 746 1580 Scripturis
761 1484 895 1572 Sacris,
907 1493 1077 1581 oportere
1091 1485 1189 1558 cives

137 1595 366 1692 principibus
383 1596 659 1694 rectoribusque
673 1597 825 1670 summis
839 1597 997 1670 civitatis
1013 1599 1052 1670 in
1070 1597 1190 1673 omni-

138 1708 208 1782 bus
236 1709 397 1798 obedire,
425 1723 673 1806 praeterquam
699 1711 738 1784 in
763 1711 819 1801 iis,
839 1735 920 1807 quae
946 1722 1034 1785 sunt
1059 1721 1189 1784 contra

138 1820 317 1895 mandata
347 1822 437 1908 Dei;
465 1835 502 1896 et
525 1825 700 1898 mandata
726 1825 796 1898 Dei
822 1824 862 1898 in
889 1824 1038 1898 civitate
1065 1823 1189 1898 Chris-

137 1935 251 2025 tiana,
284 1936 383 2010 circa
417 1937 645 2035 temporalia
676 1938 836 2035 quidem,
867 1939 1000 2028 idest,
1032 1961 1077 2011 ea
1107 1962 1189 2034 quae

138 2049 284 2123 ratione
313 2049 475 2123 humana
509 2051 754 2124 examinanda
772 2062 881 2141 sunt,
912 2051 1011 2148 leges
1043 2074 1121 2124 esse
1151 2061 1189 2125 et

133 2161 340 2235 'sententias
369 2163 539 2253 civitatis,
563 2165 726 2260 prolatas
753 2166 799 2238 ab
828 2165 883 2255 iis,
910 2165 1042 2261 quibus
1064 2164 1189 2260 legum

137 2274 379 2348 ferendarum
392 2277 1091 2375 controversiarumquejudicandarum
1104 2302 1190 2352 auc·

136 2387 271 2460 toritas
297 2413 320 2460 a
343 2389 492 2463 civitate
515 2392 712 2465 commissa
734 2403 812 2476 est;
828 2392 939 2465 circa
963 2390 1189 2488 spiritualia

138 2525 243 2590 vero,
260 2501 300 2574 id
317 2514 384 2592 est,
402 2526 545 2598 eaquae
570 2528 637 2600 per
664 2505 899 2606 scripturamv
920 2505 1070 2578 Sacram
1096 2504 1187 2577 defi-

136 2613 276 2688 nienda
296 2627 394 2706 sunt,
412 2614 513 2712 leges
539 2639 618 2689 esse
645 2626 683 2689 et
708 2618 909 2691 sententias
926 2617 1098 2706 civitatis,
1115 2617 1187 2691 hoc

137 2739 197 2802 est
214 2728 390 2818 ecclesiae,
413 2729 515 2824 (nam
532 2728 660 2804 civitas
679 2730 890 2804 Christiana
906 2741 945 2804 et
963 2730 1128 2818 ecclesia,
1145 2741 1189 2804 ut

138 2851 328 2916 ostensum
345 2853 401 2915 est
418 2843 540 2938 capite
562 2843 807 2939 praecedente,
825 2843 982 2918 articulo
999 2843 1186 2935 vicesimo,

136 2955 603 3052 eademestres,)prolatas
616 2956 1187 3053 apastoribusriteordinatis,et

137 3070 203 3166 qui
216 3095 238 3142 n
252 3069 400 3144 civitate
418 3071 457 3144 iu
475 3094 557 3143 eam
574 3095 653 3144 rem
670 3071 928 3144 auctoritatem
941 3081 1186 3167 acceperrmt;

137 3183 504 3279 sequiturmanifeste
515 3184 554 3257 in
566 3185 716 3258 civitate
724 3184 1186 3259 Christianaobedientiam

138 3296 266 3370 deberi
284 3297 434 3370 summis
452 3296 717 3393 imperantibus
735 3297 774 3370 iu
791 3299 901 3371 rebus
914 3297 1096 3388 omnibus,
1110 3308 1187 3370 tam

136 3409 406 3507 spiritualibus
436 3434 547 3506 quum
583 3410 863 3508 temporalibus.
916 3411 1186 3508 Imperantibus

136 3533 263 3596 autem
292 3546 367 3597 non
398 3523 630 3615 Christianis,
660 3524 700 3597 in
736 3523 1005 3622 temporalibus
1036 3524 1185 3619 quidem

137 3635 309 3709 omnibus
335 3635 492 3708 eandem
514 3635 640 3709 deberi
658 3637 917 3726 obedientiam,
936 3637 1048 3709 etiam
1065 3661 1088 3710 a
1105 3637 1185 3711 cive

139 3749 360 3839 Christiano,
380 3760 486 3822 extra
500 3751 789 3824 controversiam
804 3761 884 3835 est;
911 3751 950 3824 in
967 3748 1185 3848 spirituali-

138 3861 206 3935 bus
223 3886 324 3952 vero,
342 3863 414 3936 hoc
441 3873 506 3953 est,
533 3864 572 3937 in
594 3863 639 3938 iis
658 3865 951 3967 quaepertinent
968 3863 1185 3936 admodum

137 3976 283 4049 colendi
313 3977 394 4064 Dei,
423 3977 610 4073 sequenda
632 3989 689 4052 est
714 3977 877 4052 ecclesia
900 3977 1024 4073 aliqua
1052 3975 1185 4049 Chris-

139 4090 337 4163 tianorum.
381 4089 528 4162 Etenim
545 4091 666 4163 Deum
679 4115 755 4165 non
768 4091 869 4186 loqui
881 4092 920 4164 in
933 4092 1042 4164 rebus
1060 4114 1184 4188 super-

138 4204 379 4294 naturalibus,
398 4203 469 4278 nisi
494 4227 561 4302 per
588 4205 789 4302 Scripturas
817 4205 939 4277 Sacrae
961 4204 1183 4301 interpretes
