2904 4916
336 301 391 352 nn
412 299 593 354 orrrcus
613 299 930 354 suessanorum.
1081 283 1154 351 299

157 478 193 544 3.
221 468 291 541 Per
316 468 495 565 populum
521 467 743 564 intelligitur
769 466 953 556 hocloco,
970 488 1048 540 non
1073 487 1157 562 per·
1186 495 1285 548 sm,
1298 494 1349 547 111,

105 607 199 657 sona
215 607 291 656 una
307 581 436 672 civilis,
453 605 585 678 nempe
602 581 683 678 ipsa
699 579 828 654 civitas
855 603 939 677 quae
965 579 1074 676 regit,
1092 577 1158 652 sed
1197 574 1341 677 „L

105 695 308 770 multitudo
326 695 461 769 civium
479 695 542 792 qui
558 707 751 792 regrmtur.
805 693 943 768 Civitas
966 694 1064 768 enim
1080 717 1157 768 non
1170 707 1330 782 lemtim
1441 705 1442 778 ζ

106 810 175 899 sui,
195 809 263 882 sed
279 809 417 882 civium
434 833 545 883 causa
567 809 737 884 instituta
760 820 831 884 est.
884 809 1013 905 Neque
1030 819 1156 882 tamen
1168 777 1295 882 ddll'ffi
1295 769 1362 892 {lull

106 923 219 1019 lujato
236 934 274 996 et
292 920 397 995 illiue
408 922 503 996 ratio
520 921 691 996 habendo
707 935 775 995 est.
827 922 915 996 Non
929 923 1028 995 enim
1041 923 1156 1018 impe·
1169 913 1369 1022 mmm,
1441 925 1442 1016 l

105 1061 205 1128 rans,
224 1047 405 1133 quatenus
431 1036 526 1126 talis,
546 1035 682 1109 civium
707 1036 816 1109 saluti
833 1034 942 1109 aliter
967 1035 1156 1132 prospicit,
1169 1032 1230 1076 “¹³⁰⁸
1244 1031 1360 1090 ¹¹¹⁰P‘lffl·

107 1175 219 1248 quarn
245 1173 313 1246 per
346 1149 458 1246 legeS,
494 1174 578 1246 quae
608 1149 832 1223 universales
867 1161 974 1233 sunt;
1000 1148 1159 1244 ideoque

107 1264 231 1360 offlam
261 1262 449 1352 satisfecit,
475 1263 505 1336 si
528 1273 610 1336 toto
638 1274 775 1336 conatu
801 1261 838 1334 id
870 1262 999 1358 egerit,
1023 1273 1066 1336 ut
1093 1285 1160 1358 per

107 1378 290 1450 salutares
304 1376 587 1450 constitutiones
604 1399 716 1470 quam
742 1375 908 1472 plurimis
924 1387 1026 1448 recte
1044 1375 1103 1465 sit,
1121 1385 1160 1448 et

108 1515 219 1587 quam
249 1487 478 1572 diutissime;
504 1511 624 1584 neque
655 1489 750 1561 male
781 1488 964 1585 cuiquam,
992 1488 1063 1561 nisi
1093 1512 1160 1562 sua

108 1604 229 1699 culpa,
242 1611 307 1675 aut
324 1625 412 1675 casu
428 1601 488 1674 cui
512 1600 698 1698 provideri
714 1625 790 1674 non
807 1611 990 1696 pomerat.
1041 1602 1160 1699 Expe-

109 1717 166 1790 dit
182 1727 308 1790 autem
326 1715 522 1811 aliquando
545 1715 655 1789 saluti
671 1715 926 1811 plurimorum,
943 1725 987 1788 ut
1003 1715 1098 1788 male
1115 1714 1160 1788 iis

109 1830 157 1904 sit
175 1829 240 1926 qui
257 1828 345 1902 mali
362 1839 460 1902 sunt.

158 1953 195 2016 4.
224 1943 294 2016 Per
323 1940 483 2015 salutem
510 1951 635 2014 autem
664 1940 822 2036 intelligi
846 1940 957 2014 debet
979 1964 1056 2014 non
1082 1940 1315 2040 solon-nopes

108 2057 196 2130 vitae
216 2055 521 2151 qualitercunque
542 2053 784 2144 conservatio
800 2053 867 2128 sed
881 2066 1062 2151 quatenus
1079 2056 1160 2128 fieri
1172 2027 1350 2138 ffifflm

109 2179 234 2266 potest
256 2169 335 2242 vita
355 2169 475 2242 beata.
537 2168 634 2242 Nam
660 2192 704 2242 eo
734 2169 808 2240 fine
828 2169 997 2244 homines
1019 2169 1058 2244 in
1075 2172 1165 2246 civi-

109 2295 206 2358 tates
224 2282 457 2356 institutione
480 2293 610 2378 sponte
640 2281 772 2373 coiere,
795 2295 839 2356 ut
868 2294 1030 2380 possent,
1049 2309 1165 2382 quan-

110 2409 192 2470 tum
227 2393 392 2469 conditio
428 2395 503 2468 fert
534 2396 708 2484 humana,
736 2395 1002 2491 jucundissime
1029 2398 1165 2473 vivere.

112 2511 292 2583 Facerent
310 2531 398 2604 ergo
424 2508 463 2596 ii,
483 2509 546 2605 qui
570 2531 754 2581 summum
770 2508 966 2605 imperium
983 2510 1023 2583 in
1040 2536 1084 2585 eo
1101 2537 1167 2609 ge·

110 2646 200 2696 nere
231 2620 390 2695 civitatis
419 2621 753 2695 administrandum
781 2621 821 2694 in
851 2645 889 2694 se
914 2636 1166 2720 susceperrmt,

113 2746 246 2810 contra
269 2734 390 2830 legem
412 2746 568 2824 naturae,
587 2734 673 2829 quia
694 2745 824 2808 contra
840 2735 1013 2809 fiduciam
1039 2761 1168 2812 eorum

113 2849 177 2945 qui
200 2846 346 2943 imperii
369 2846 728 2921 administrationem
752 2847 804 2920 eis
828 2849 1105 2940 commiserunt,
1136 2851 1169 2924 si

112 2987 189 3035 non
203 2959 407 3050 studerent,
422 2970 602 3057 quantum
616 2960 759 3056 legibus
769 2960 850 3034 fieri
862 2973 999 3057 potest,
1010 2975 1054 3036 ut
1068 2964 1168 3039 cives

114 3073 222 3148 bonis
258 3074 439 3164 omnibus,
473 3097 548 3146 non
587 3073 635 3146 ad
668 3073 782 3148 vitam
810 3073 934 3164 modo,
964 3075 1168 3151 sedetiam

114 3188 162 3262 ad
188 3186 471 3261 delectationem
498 3186 645 3260 abunde
672 3187 917 3261 instruantur.
975 3189 1050 3264 Qui
1079 3215 1168 3265 vero

115 3301 228 3376 armis
262 3301 417 3397 imperia
456 3301 742 3398 acquisiverunt,
776 3301 930 3397 cupiunt
963 3326 1091 3376 omnes
1125 3316 1170 3378 ut

115 3415 256 3490 subditi
274 3415 342 3503 sui,
356 3415 495 3488 viribus
511 3425 588 3487 tam
606 3414 719 3488 animi
737 3439 847 3510 quam
865 3417 1028 3512 corporis
1045 3415 1169 3491 idonei

116 3531 190 3604 sint
216 3539 261 3601 ut
283 3527 371 3623 ipsis
399 3527 582 3610 serviant;
612 3551 725 3623 quare
744 3539 876 3603 contra
891 3530 1003 3602 finem
1022 3541 1059 3604 et
1088 3553 1169 3604 sco-

115 3667 206 3739 pum
233 3640 425 3737 proprium
452 3640 628 3729 facerent,
650 3640 681 3712 si
708 3664 782 3715 non
811 3654 1033 3716 conarentur
1058 3654 1101 3716 ut
1125 3643 1170 3716 iis

115 3781 193 3831 non
210 3754 321 3828 modo
339 3778 384 3828 ea
400 3754 532 3849 quibus
549 3755 684 3844 vivere,
704 3754 770 3828 sed
782 3756 895 3829 etiam
906 3756 1039 3852 quibus
1055 3756 1170 3830 fortes

117 3895 197 3945 esse
213 3867 369 3966 possint,
388 3867 634 3963 praebeantm.

169 3994 205 4057 5.
233 3981 405 4077 Inprimis
417 3993 540 4056 autem
553 3981 601 4055 ad
613 3981 774 4055 salutem
785 3992 960 4056 (eternam
970 3982 1170 4079 plurimum
1183 4013 1297 4064 Quaem
1310 4025 1339 4056 tn

117 4100 297 4172 interesse
324 4095 509 4191 principes
532 4119 660 4169 omnes
687 4095 856 4186 credunt,
875 4096 1000 4192 quales
1026 4095 1073 4168 de
1091 4097 1170 4170 Deo
1183 4078 1367 4136 ¹⁹l¹¹¹¹¹⁰¹¹³⁰³¹¹¹¹¹

1183 4146 1212 4188 eit
1222 4144 1288 4188 saluti
1302 4143 1384 4187 anima·

120 4220 318 4312 teneantur
336 4207 538 4305 opiniones,
558 4208 746 4304 qualisque
761 4208 795 4282 ei
808 4209 929 4283 cultus
942 4208 1167 4285 exhibeatur.
1183 4223 1233 4253 “¹¹¹¹
1243 4209 1324 4254 “illum
1334 4221 1369 4252 ‘e
