2904 4916
279 243 351 310 328
683 253 914 306 ruinarum.

83 462 180 512 sm,
193 461 245 512 ur.
276 447 357 499 mus
375 421 470 520 Deo)
494 423 708 520 simpliciter
722 423 888 496 absolute
907 432 945 496 et
960 422 1242 508 universaliter;
1269 424 1328 496 vel

93 539 233 646 ᾧ.
275 540 314 613 in
331 550 449 636 parte,
467 551 510 611 ut
529 539 559 610 si
577 538 657 635 quis
684 537 833 626 diceret,
850 561 927 610 non
949 561 1027 610 esse
1044 537 1089 610 iis
1103 539 1165 632 jus
1183 562 1251 610 suo
1269 561 1328 610 ar-

275 654 387 727 bitrio
403 654 542 726 bellum
560 651 724 748 gerendi,
742 675 869 747 pacem
895 650 1067 741 faciendi,
1085 650 1228 725 milites
1241 675 1329 724 con-

277 766 472 855 scribendi,
490 765 665 861 pecunias
683 764 866 860 exigendi,
888 765 1126 861 magistratus
1145 774 1183 838 et
1200 765 1329 848 minis·

277 892 354 954 tros
379 879 545 975 publicos
567 878 738 974 eligendi,
758 877 858 974 leges
884 876 1039 966 ferendi,
1058 877 1329 962 controversias

279 991 560 1080 determinandi‚
590 1015 716 1086 poenas
743 990 943 1080 statuendi,
965 991 1025 1065 vel
1049 991 1151 1076 aliud
1175 991 1329 1092 aliquod

280 1109 357 1180 sine
393 1130 464 1201 quo
499 1104 699 1196 consistere
733 1104 863 1177 civitas
896 1127 972 1176 non
1004 1117 1140 1201 potest.
1178 1105 1329 1201 .Atque

279 1221 359 1293 haec
386 1229 424 1290 et
449 1217 581 1290 similia
607 1216 707 1289 dicta
730 1229 767 1289 et
784 1217 883 1289 sacta
901 1217 1056 1291 crimina
1070 1218 1173 1290 loesce
1190 1221 1330 1314 majes-

281 1332 375 1406 tatis
401 1355 446 1404 ex
470 1331 507 1403 vi
534 1329 637 1426 legis,
664 1354 739 1402 nou
764 1329 901 1417 ciriliS,v
918 1330 983 1403 sed
1010 1331 1202 1420 naturalis,
1230 1343 1329 1406 sunt.

281 1448 407 1542 Potest
433 1453 558 1517 autem
585 1467 664 1517 esse
695 1455 738 1517 ut
765 1444 916 1540 aliquid,
946 1445 1045 1541 quod
1074 1445 1216 1520 factum
1244 1456 1330 1518 ante

280 1561 399 1655 legem
417 1557 561 1631 civilem
577 1557 692 1630 latam
709 1581 786 1631 non
804 1566 883 1630 erat
909 1557 1049 1631 crimen
1063 1558 1166 1631 loesoe
1192 1560 1330 1654 majes-

283 1672 388 1761 tatis,
407 1671 455 1744 sit
471 1682 606 1760 tamen,
626 1670 657 1742 si
672 1671 738 1743 fiat
753 1680 849 1767 post.
902 1671 955 1744 Ut
972 1671 1003 1744 si
1020 1671 1102 1769 lege
1120 1672 1330 1746 declaretur

281 1811 349 1884 pro
373 1785 478 1882 signo
505 1783 725 1859 obedientiae
742 1784 858 1857 civilis
874 1785 1099 1859 renunciatae
1115 1786 1330 1859 habendum

282 1923 373 1986 esse,
390 1898 462 1973 hoc
480 1910 548 1988 est,
565 1921 633 1994 pro
661 1896 937 1972 erimine-tane
954 1900 1180 1994 majestatis,
1199 1900 1231 1973 si
1250 1900 1330 1996 quis

282 2014 341 2087 vel
358 2023 546 2086 monetam
569 2009 723 2097 cuderit,
741 2011 799 2083 vel
822 2010 941 2106 sigilla
959 2011 1118 2086 civitatis
1141 2013 1331 2086 adultera·

283 2126 399 2209 verit;
426 2125 468 2215 is,
488 2123 551 2221 qui
566 2133 697 2220 postea
712 2123 752 2197 id
773 2123 913 2214 fecerit,
931 2148 1016 2198 reus
1034 2127 1238 2222 majestatis
1256 2151 1330 2201 non

284 2239 415 2314 miuus¹
429 2250 486 2312 est
513 2261 624 2335 quam
646 2238 707 2311 ille
735 2237 851 2323 alter3
887 2239 1008 2312 minus
1035 2250 1161 2336 tamen
1187 2252 1329 2338 peccat,

285 2352 370 2449 quia
379 2375 455 2425 non
466 2375 592 2424 omnes
602 2351 703 2448 leges
714 2351 832 2442 simul,
847 2352 1036 2427 sedunam
1048 2364 1197 2429 tantum
1209 2355 1331 2452 legem

283 2467 408 2540 violat.
460 2466 557 2539 Nam
588 2465 659 2556 lerr,
687 2466 853 2541 vocando
884 2467 1024 2541 crimen
1051 2470 1258 2564 majestatis
1281 2469 1330 2555 id,

285 2579 383 2678 quod
399 2589 533 2653 natura
548 2603 624 2680 non
640 2579 693 2651 ita
707 2589 774 2671 est,
787 2604 922 2676 nomeu
941 2582 1090 2678 quidem
1105 2571 1330 2678 invidiosum

284 2706 323 2767 et
339 2694 434 2768 forte
447 2717 596 2791 poenam
612 2693 791 2788 majorem
808 2693 847 2767 in
864 2717 969 2792 reum
983 2697 1067 2792 jure
1082 2696 1214 2770 statuit
1229 2727 1240 2778 ;
1267 2695 1330 2770 sed

283 2817 325 2881 ut
341 2818 535 2905 peccatum
552 2806 673 2903 ipsum
689 2806 837 2902 gravius
855 2806 914 2894 sit,
932 2832 1009 2881 non
1027 2808 1150 2882 efficit.

75 2969 243 3016 &imm
334 2933 395 2999 21.
411 2924 620 2998 ‘Peccatum
646 2921 847 3019 autemid,
866 2921 967 3019 quod
990 2946 1058 3021 per
1082 2923 1205 3020 legem
1222 2933 1329 2999 natu·

73 3038 264 3161 ssgfflffid
283 3038 398 3112 ralem
426 3021 564 3110 crimen
590 3037 686 3110 laesae
709 3036 910 3134 majestatis
939 3047 1008 3127 est,
1031 3037 1123 3134 legis
1151 3038 1328 3112 naturalis

73 3170 272 3216 naturatesviolariz
284 3151 526 3248 transgressio
552 3159 620 3240 est,
638 3174 716 3224 non
741 3149 868 3223 civilis,
921 3150 1014 3224 Cum
1032 3150 1139 3249 enim
1152 3152 1328 3248 obligatio

283 3265 332 3339 ad
349 3264 596 3367 obedientiam
607 3249 883 3361 civilem,'quus
893 3265 930 3338 vi
946 3265 1046 3364 leges
1061 3265 1187 3340 civiles
1198 3266 1328 3340 valida

285 3389 382 3470 sunt,
400 3380 501 3453 omni
516 3378 599 3475 lege
616 3378 715 3451 civili
736 3378 838 3476 prior
861 3379 922 3469 sit,
940 3379 1059 3476 sitque
1077 3380 1219 3454 crimen
1232 3381 1328 3455 laesae

284 3494 485 3596 maiestatis
495 3491 714 3567 naturaliter
730 3492 823 3565 nihil
839 3492 951 3583 aliud,
966 3517 1077 3588 quam
1094 3493 1329 3590 obligationis

283 3607 381 3682 illius
393 3607 566 3691 violati03
590 3606 753 3703 sequitur
765 3607 919 3680 crimine
932 3606 1030 3681 laesae
1040 3609 1244 3704 majestatis
1254 3611 1329 3683 vio-

284 3721 353 3795 lari
378 3722 511 3818 legem,
539 3744 622 3817 quae
650 3721 840 3818 praecessit
864 3721 984 3818 legem
1013 3720 1169 3813 civilem,
1184 3747 1329 3822 ‘nempe

284 3835 501 3925 naturalem,
520 3858 594 3936 qua
617 3835 854 3932 prohibemur
873 3835 1011 3908 violare
1021 3845 1137 3934 'pacta
1154 3846 1193 3909 et
1218 3837 1328 3910 fidem

286 3949 423 4023 datam.
469 3949 579 4025 Quod
597 3950 627 4022 si
640 3950 720 4046 quis
733 3950 904 4047 princeps
923 3973 1086 4022 summus
1103 3950 1225 4046 legem
1242 3949 1328 4022 civi-

285 4063 358 4135 lem
382 4064 423 4136 in
445 4064 541 4136 hanc
562 4063 757 4136 formulam
782 4063 1005 4165 conciperet,
1023 4061 1327 4150 romenellum,

285 4175 377 4250 nihil
394 4177 564 4249 efficeret.
617 4176 714 4249 Nam
732 4176 803 4254 nisi
819 4177 922 4278 prius
940 4175 1150 4274 obligentur
1166 4176 1266 4251 cives
1282 4175 1327 4250 ad
