2848 4908
297 273 369 338 340
531 281 539 298 ·
721 285 904 339 namuro.

27 547 30 554 .
106 489 203 539 sacr,
215 489 268 539 111,
299 451 399 550 quod
423 452 512 526 alias
537 452 775 543 ostendimus,
790 452 973 552 gaudium
990 452 1028 527 in
1046 478 1091 529 eo
1115 453 1229 528 situm
1254 475 1347 542 esse,

113 567 257 672 ᾧ
300 565 399 664 quod
411 568 492 664 quis
502 567 688 658 virtutem,
701 568 789 658 vim,
800 568 1003 656 scientiam,
1013 568 1185 658 formam,
1195 568 1348 656 amieos,

300 680 458 771 divitias,
484 693 550 754 aut
575 703 845 778 quamcumque
862 680 972 754 aliam
995 683 1207 779 potentiam
1230 705 1349 770 suam,

299 794 358 868 vel
380 804 556 891 tauquam
573 819 689 886 suam,
709 793 992 890 contempletur,
1009 819 1130 892 neque
1147 794 1252 868 aliud
1269 817 1349 866 esse

299 915 434 1004 praeter
448 907 616 1006 gloriam
642 932 707 982 seu
732 908 961 1004 triumphum
985 908 1098 982 animi
1115 908 1285 1005 putantis
1312 929 1350 979 se

299 1023 485 1113 honorari,
502 1023 574 1096 hoc
591 1033 658 1114 est,
676 1023 793 1097 amari
810 1034 848 1097 et
863 1023 1000 1107 timeri,
1017 1022 1090 1096 hoc
1108 1032 1178 1112 est,
1198 1020 1352 1094 servitia

301 1147 340 1210 et
356 1135 493 1209 auxilia
508 1135 699 1211 hominum
711 1148 847 1233 praesto
859 1136 1008 1209 habere.
1062 1135 1250 1211 Quoniam
1261 1157 1351 1206 vero

300 1249 479 1340 hominen,
495 1273 605 1346 quem
621 1249 808 1339 honorari,
825 1248 866 1322 id
882 1260 951 1338 est,
965 1273 1034 1345 pro
1050 1259 1206 1345 potente
1221 1245 1353 1320 haberi

302 1364 349 1437 ab
374 1361 454 1436 aliis
479 1361 618 1452 vident,
644 1373 834 1460 potentem
865 1385 944 1436 esse
970 1361 1140 1452 credunt,
1167 1359 1353 1455 contingit

302 1477 480 1550 honorem
508 1474 612 1549 cultu
638 1476 858 1572 propagari;
893 1485 931 1548 et
957 1475 1135 1573 potentiae
1163 1473 1351 1547 existima·

304 1591 417 1680 tione,
439 1589 644 1686 potentiam
669 1589 811 1686 acquiri
836 1612 973 1662 veram.
1023 1587 1135 1661 Finis
1152 1611 1243 1684 ergo
1260 1588 1351 1682 ejus,

305 1704 368 1802 qui
385 1727 423 1777 se
441 1702 513 1776 eoli
530 1702 589 1776 vel
602 1703 709 1798 jubet
725 1702 784 1775 vel
797 1701 951 1798 patitur,
965 1702 996 1775 is
1014 1712 1082 1790 est,
1100 1715 1145 1774 ut
1162 1699 1353 1797 quamplu-

304 1817 416 1891 rimos
433 1813 604 1890 eomodo
622 1814 691 1889 sibi
707 1815 766 1889 vel
788 1838 914 1888 amore
930 1814 990 1888 vel
1013 1824 1116 1887 metu
1139 1813 1352 1887 obedienta

305 1929 450 2004 reddat.

169 2123 199 2154 m
256 2121 280 2152 a
361 2053 417 2117 14.
445 2043 498 2116 Ut
513 2042 672 2115 sciamus
690 2051 814 2116 autem
827 2064 938 2138 quem
951 2040 1090 2114 cultum
1107 2038 1179 2114 Dei
1193 2039 1352 2135 assignet

200 2175 205 2186 '
307 2156 409 2231 ratio
427 2154 630 2244 naturalia,
651 2154 868 2251 incipiamus
894 2154 941 2227 ab
967 2152 1166 2226 attributis
1177 2181 1192 2237 ,·
1217 2153 1281 2225 ubi
1298 2152 1352 2224 in-

306 2269 435 2366 primis
459 2267 695 2342 manifestum
715 2279 773 2342 est
793 2265 1069 2341 attribuendam
1089 2266 1123 2337 ei
1141 2289 1221 2338 esse
1235 2265 1353 2338 ersis·

308 2383 475 2457 tentiam.
517 2381 698 2455 Voluntas
712 2381 810 2455 enim
822 2379 1030 2454 honorandi
1048 2402 1144 2468 eum,
1158 2403 1267 2476 quem
1278 2401 1352 2450 nou

307 2506 478 2594 putamus
496 2518 586 2585 esse,
607 2495 710 2568 nulla
725 2519 804 2568 esse
828 2505 962 2591 potest.
1014 2491 1170 2581 Deinde,
1196 2491 1353 2588 philoso-

309 2609 416 2706 phos,
432 2609 496 2705 qui
510 2608 632 2704 ipsum
648 2606 829 2680 mundum
840 2606 900 2679 vel
911 2604 1041 2678 mundi
1054 2605 1228 2696 animam,
1245 2603 1284 2677 id
1300 2615 1354 2676 est

308 2733 464 2822 partem,
492 2722 664 2796 dixerunt
689 2745 769 2795 esse
795 2721 928 2810 Deum,
952 2719 1103 2816 indigne
1129 2717 1176 2792 de
1202 2718 1281 2791 Deo
1302 2717 1353 2789 lo·

266 2843 270 2852 '
311 2848 444 2935 quutos
470 2859 560 2909 esse.
612 2836 699 2909 Non
725 2835 824 2909 enim
852 2834 1050 2932 quicquam
1077 2832 1112 2905 ei
1136 2833 1351 2918 attribuunt,

310 2950 376 3024 sed
401 2951 551 3024 omnino
577 2973 656 3023 esse
681 2959 832 3046 negant.
884 2947 983 3019 Nam
1007 2969 1074 3042 per
1099 2968 1236 3019 nomen
1253 2942 1351 3030 illud,

311 3064 432 3152 Deus,
458 3062 676 3159 intelligitur
704 3061 832 3134 arnadi
862 3084 979 3133 causa
991 3086 1006 3142 ,·
1042 3059 1208 3132 dicentes
1233 3069 1351 3130 antem

312 3176 481 3249 mundum
498 3200 581 3248 ease
597 3174 730 3264 Deum,
749 3174 878 3246 dicunt
901 3171 1042 3245 nullam
1064 3196 1149 3244 esse
1165 3173 1246 3266 ejus
1267 3193 1353 3242 cau-

312 3313 404 3379 sam,
420 3289 491 3362 hoc
515 3298 583 3377 est,
605 3287 727 3360 Deum
753 3312 825 3360 non
850 3311 944 3360 erae.
998 3284 1186 3374 Similiter,
1204 3307 1274 3372 eos,
1290 3281 1352 3378 qui

312 3402 491 3476 mundum
508 3426 583 3474 non
601 3413 767 3475 creatum
785 3399 852 3472 sed
876 3410 1057 3472 aeternum
1083 3421 1163 3470 esse
1181 3407 1351 3481 asserunt,

314 3514 486 3611 quoniam
515 3514 644 3586 aetemi
677 3535 789 3586 causa
818 3534 897 3584 esse
930 3534 1006 3583 non
1040 3521 1178 3606 potest,
1208 3532 1352 3582 caueam

314 3628 440 3700 maadi
465 3653 560 3717 esse,
587 3626 626 3699 id
654 3638 724 3716 est,
751 3625 872 3698 Deum
898 3648 980 3697 erse
1004 3647 1153 3719 negare.
1203 3620 1352 3716 Indigna

314 3741 403 3815 item
429 3741 475 3814 de
500 3740 580 3813 Deo
606 3740 754 3828 sentire,
774 3738 848 3834 qui,
869 3737 985 3811 otium
1010 3736 1081 3832 ipsi
1106 3737 1352 3819 attribuentes,

314 3854 443 3928 mundi
460 3854 680 3950 generisque
697 3852 849 3924 humani
866 3851 1031 3946 regimen
1043 3849 1165 3923 eidem
1178 3849 1350 3922 auferunt.

317 3967 413 4040 Nam
431 3978 473 4040 ut
490 3964 779 4062 omnipotentem
797 3988 874 4036 esse
897 3962 1096 4054 fateantur,
1115 3963 1147 4036 si
1165 3975 1283 4036 tamen
1297 3958 1352 4030 in-

317 4079 451 4153 feriora
462 4079 542 4152 haee
556 4102 631 4151 non
644 4087 759 4168 curet,
773 4077 896 4149 locum
914 4076 1026 4148 habet
1042 4075 1143 4171 apud
1160 4099 1221 4148 eos
1232 4073 1351 4147 tn‘tum

318 4191 429 4264 illud:
457 4192 559 4289 quod
573 4215 692 4290 supra
711 4214 791 4279 aaa,
810 4188 908 4263 nihil
924 4188 979 4262 ad
993 4214 1087 4273 πως
1114 4212 1266 4286 eumque
1281 4207 1351 4260 non
