2848 4908
278 292 351 358 280
688 306 916 360 mentuunt.

83 502 179 555 ποτ,
199 503 252 558 nr.
277 483 301 533 e
328 458 436 533 Saule
465 459 513 533 ad
538 469 708 551 mortem,
726 461 906 536 abstinuit
931 471 1055 538 tamen
1072 487 1096 537 a
1113 461 1212 538 ccede
1228 462 1315 558 ejus,

95 582 236 688 ,Ἑρ
276 584 511 684 prohibitque
535 585 723 660 Abisaium
746 586 871 662 dicens
888 588 920 680 (1
945 589 1043 663 Sam.
1058 589 1157 663 xxvi.
1174 590 1231 683 9):
1255 586 1317 660 Nc

278 698 488 794 interficior
510 723 619 784 eam,·
646 699 731 797 quir
748 699 844 773 caim
861 701 1038 776 eotaadct
1055 726 1199 774 ocaaam
1215 723 1315 774 snam

278 813 317 886 io
335 812 514 886 ebriatum
545 811 710 903 Domini,
738 821 777 886 et
808 812 985 888 innocens·
1010 815 1125 889 erit?
1174 815 1219 888 Et
1235 837 1315 886 anm

277 925 504 1023 praecidisset
522 948 623 1000 orem
635 924 840 1023 chlamydis
850 927 940 1024 ejus,
962 925 1174 1026 Propitius,
1188 926 1318 1022 (inquit

284 1039 419 1114 lSam.
446 1039 541 1112 xxiV.
562 1038 602 1134 7)
638 1037 728 1113 mibi
767 1039 819 1113 stt
857 1039 1051 1130 Dominae,
1083 1057 1135 1120 ae}
1154 1041 1317 1138 faciam,

278 1153 375 1228 banc
398 1177 476 1226 rem
494 1151 639 1226 domino
657 1178 747 1244 meo,
765 1153 908 1227 cbristo
927 1153 1093 1244 Domini,
1121 1164 1163 1228 ot
1180 1154 1318 1227 mittam

279 1291 421 1339 coactam
440 1289 553 1338 meam
578 1265 725 1338 ineam.
751 1267 800 1340 Et
812 1266 1071 1357 Amelelcitam,
1090 1267 1154 1364 qui
1176 1266 1319 1340 Saulem

279 1403 500 1479 quamquam
535 1379 574 1453 in
603 1378 717 1476 ipsius
747 1378 904 1476 gratiam
938 1379 1187 1472 interfecerat,
1214 1380 1321 1478 jussit

278 1506 402 1569 tamen
431 1493 469 1586 (2
489 1492 586 1567 Sam.
604 1491 626 1566 i.
650 1493 714 1588 15)
731 1492 900 1568 interfici.

80 1607 231 1718 ffifflgfflg
328 1616 364 1682 i.
392 1606 503 1682 Quod
524 1607 682 1681 habetur
698 1606 818 1681 Judic.
837 1608 923 1683 xvii.
942 1615 965 1682 6
983 1635 991 1680 ε
1020 1608 1068 1680 In
1093 1605 1224 1680 diebos
1243 1605 1302 1680 illi

81 1689 251 1816 nudabam,
279 1743 350 1794 noa
368 1729 453 1794 crat
471 1746 541 1794 rea
560 1719 598 1793 ia
617 1719 757 1808 Israel,
775 1720 846 1793 reci
861 1719 1114 1819 aartsqoisqae
1133 1718 1235 1818 qaod
1250 1717 1322 1791 cibi

81 1804 118 1848 ⁸⁰⁶
132 1803 264 1850 mmm
279 1842 420 1907 rectum
445 1832 655 1922 videbator,
674 1831 744 1906 boc
759 1832 954 1930 faciebat,
972 1845 1149 1929 tanquam
1166 1832 1231 1906 ubi
1250 1856 1321 1906 non

279 1947 326 2020 sit
342 1946 572 2036 monarchia,
608 1945 659 2018 ibi
677 1945 724 2020 sit
741 1945 927 2022 onarcbio
941 1970 1007 2019 seu
1023 1945 1191 2019 confusio
1208 1945 1323 2019 omni-

279 2084 342 2132 nm
352 2057 625 2148 rernm,adduci
634 2070 760 2156 posset
770 2057 818 2132 ad
828 2059 1059 2154 probandum
1071 2058 1324 2133 excellentiam

279 2171 384 2270 regni
400 2195 511 2269 supra
528 2195 654 2246 omnes
679 2171 768 2246 alias
787 2171 944 2246 civitatis
960 2172 1118 2256 formas;
1137 2172 1209 2247 nisi
1227 2173 1325 2270 quod

279 2309 347 2384 per
364 2308 491 2359 vocem
509 2308 578 2358 roa
595 2285 711 2382 possit
727 2285 821 2360 forte
838 2285 995 2383 intelligi
1012 2309 1087 2358 non
1104 2285 1216 2360 modo
1234 2311 1325 2358 corax

280 2400 395 2488 bomo,
423 2398 621 2472 sedetiam
640 2422 713 2471 aaa
740 2397 860 2489 cario,
878 2397 989 2473 modo
1007 2421 1191 2472 summum
1218 2399 1258 2472 in
1284 2423 1327 2472 en

279 2510 440 2586 resideat
466 2512 671 2609 imperium.
737 2511 906 2588 Quodsi
934 2513 986 2586 sic
1014 2513 1228 2609 accipiatur,
1256 2513 1327 2586 hoc

280 2637 405 2700 tamen
435 2625 520 2700 inde
551 2625 719 2715 efficitur,
743 2635 786 2698 ut
815 2625 893 2698 sine
923 2649 1064 2698 summo
1093 2639 1131 2698 et
1156 2627 1327 2700 absoluto

279 2739 432 2836 imperio
464 2739 579 2834 (quod
608 2748 688 2812 toto
723 2739 842 2833 capite
877 2748 981 2812 sexto
1010 2739 1167 2835 probare
1202 2741 1327 2812 conati

280 2851 418 2946 snmus)
448 2851 597 2924 cuilibet
624 2849 749 2924 licebit
776 2849 952 2948 quicquid
976 2850 1114 2941 libebit,
1133 2851 1210 2926 sive
1227 2853 1329 2949 quic·

280 2965 369 3062 quid
385 2965 454 3038 sibi
469 2976 622 3039 'rectum
641 2963 850 3049 videbitur,
878 2963 978 3060 qnod
995 2975 1091 3039 stare
1110 2989 1187 3039 non
1205 2977 1330 3062 potest

281 3102 365 3152 cum
378 3079 652 3152 conservatione
669 3077 814 3174 generis
831 3076 994 3168 humani,
1008 3077 1166 3175 ideoque
1179 3079 1329 3176 imperi-

280 3213 343 3264 um
360 3213 541 3264 summum
559 3191 701 3287 exlege
719 3201 861 3264 naturae
879 3189 916 3262 in
935 3190 1034 3264 omni
1052 3190 1201 3266 civitate
1219 3192 1329 3266 intel-

278 3303 406 3402 ligitur
423 3305 595 3379 exsistere
613 3303 758 3378 alicubi.

85 3415 260 3460 &flffl‘lfflloe
331 3426 364 3490 5.
393 3417 529 3490 Seroos
544 3417 703 3490 dominio
718 3415 919 3512 simplicem
934 3415 1066 3490 debere
1078 3417 1327 3492 obedientiam

83 3480 267 3654 {2⁵ssde
283 3529 454 3622 diximus,
473 3554 553 3627 cap.
572 3531 637 3604 viii
667 3541 736 3604 art.
751 3534 787 3620 7,
807 3538 842 3619 8,
861 3527 1014 3624 etstlioa
1027 3530 1223 3626 patribus,
1242 3555 1326 3628 cap,

83 3622 202 3722 iffi?
219 3612 267 3656 ὥθ’
280 3645 328 3718 ix.
347 3654 416 3718 art.
436 3647 470 3728 7.
519 3644 622 3718 Idem
640 3643 730 3718 dicit
750 3643 1252 3732 sanetusPculus,nimi1-um
1281 3645 1329 3719 de

280 3757 393 3832 servis
422 3757 519 3850 (Col.
538 3756 587 3830 iii.
607 3757 699 3852 22):
727 3755 837 3830 Sorai
855 3755 1002 3828 obedite
1015 3781 1090 3854 par
1103 3779 1242 3831 omnm
1261 3759 1328 3832 do-

281 3870 389 3944 minio
408 3869 638 3956 caritatibus,
657 3895 728 3942 ooo
752 3869 805 3942 acl
822 3867 964 3942 oculum
982 3869 1201 3960 servientes,
1216 3874 1328 3969 qmmi

280 3982 485 4056 bominibus
511 3980 723 4080 placentes,
754 3979 824 4054 red
851 3981 889 4054 io
918 3980 1169 4079 simplicitate
1198 3981 1328 4058 cordia·

281 4095 450 4170 timentes
468 4093 598 4169 Deum.
639 4094 694 4169 De
721 4095 804 4168 filiis
833 4094 926 4190 (Col.
946 4094 995 4169 iii.
1015 4097 1103 4190 20):
1130 4096 1225 4170 Filii
1241 4097 1326 4170 obc-

280 4207 358 4282 clitc
373 4209 594 4308 pareatibus
607 4201 682 4308 brer
701 4231 854 4294 amulam
875 4209 942 4282 boc
961 4210 1055 4282 caim
1066 4209 1250 4306 polimitum
1269 4227 1326 4284 ost
