2876 4908
294 249 366 320 398
717 263 903 318 onerato.

96 475 194 528 mis,
207 473 260 530 111,
292 431 476 508 actionem
498 441 564 506 aut
587 429 806 508 sententiam
827 453 1059 507 communem
1081 429 1206 504 habet.
1243 425 1337 503 Prae·

106 555 250 664 ᾧ
292 559 396 623 terea
418 546 484 620 ubi
512 545 646 620 dicitur
674 546 886 620 Ouarsrus
918 567 997 618 esse
1025 553 1141 642 caput
1162 542 1337 642 corporis

292 659 467 752 ecclesia,
481 659 674 734 manifeste
691 669 844 758 apparet
858 658 999 732 dictum
1016 656 1056 730 id
1068 679 1148 731 csse
1166 657 1214 730 ab
1232 680 1339 754 apos-

291 773 368 848 tolo
392 773 438 848 de
463 773 599 863 clectis,
621 773 696 870 qui,
714 772 890 869 quamdiu
914 771 953 846 in
977 772 1049 846 hoc
1075 768 1216 845 mundo
1238 781 1337 859 sunt,

291 884 458 983 potentie
482 895 626 960 tantum
652 884 815 959 ecclesio
836 897 935 975 sunt,
954 907 1036 980 quae
1054 893 1139 958 actu
1157 893 1245 955 ante
1262 906 1338 957 non

292 998 374 1090 erit,
393 1021 502 1094 quarn
520 1021 543 1072 a
559 998 725 1094 reprobis
745 998 894 1094 quidem
912 1007 1165 1096 segregentur,
1183 996 1283 1070 inter
1299 1021 1337 1070 se

291 1133 378 1184 vero
409 1123 680 1208 congregentur
707 1111 745 1185 in
777 1111 836 1185 die
859 1111 1001 1208 judicii.
1053 1109 1235 1184 Ecclesia
1265 1109 1339 1182 Ro·

293 1249 403 1300 mauu
419 1247 621 1322 permagna
638 1226 724 1299 olirn
741 1225 823 1312 fuit,
837 1225 903 1300 sed
919 1226 1011 1298 fines
1028 1221 1174 1319 imperii
1191 1245 1339 1320 egressa

291 1361 368 1414 non
385 1348 461 1424 est;
488 1362 608 1435 neque
634 1363 722 1436 ergo
749 1339 936 1430 uniuersa,
954 1337 1026 1411 nisi
1052 1361 1096 1411 eo
1123 1357 1247 1426 sensu,
1266 1357 1337 1431 quo

294 1451 433 1528 dictum
459 1453 570 1528 etiam
596 1464 652 1527 est
678 1453 723 1527 dc
744 1453 913 1526 Romano
931 1452 1096 1541 ciuitate,
1112 1449 1240 1523 orbem
1254 1450 1338 1545 jam

294 1575 409 1640 torum
434 1564 554 1640 victor
578 1563 765 1639 Romanus
791 1563 965 1654 habebat,
984 1587 1068 1638 oum
1090 1587 1167 1636 non
1185 1562 1339 1636 haberet

293 1688 436 1776 partem
466 1680 544 1776 ejus
574 1678 796 1754 vicesimam.
848 1678 1046 1773 Postquam
1071 1686 1197 1750 autem
1224 1675 1339 1771 impc-

293 1791 390 1865 rium
406 1791 511 1865 civile
529 1791 567 1864 in
584 1803 708 1887 partes
732 1791 956 1888 discerptum
972 1789 1054 1881 fnit,
1069 1788 1225 1886 singulae
1252 1787 1339 1862 civi-

291 1915 387 1980 tates
404 1905 490 1979 inde
508 1915 646 1978 exortae
658 1903 813 1979 totidem
831 1915 936 1978 erant
954 1901 1146 1985 eccleriae;
1175 1913 1215 1974 et
1229 1925 1337 1998 quarn

291 2017 423 2092 habuit
440 2018 479 2091 in
496 2041 557 2090 eas
578 2017 739 2092 ecclesio
758 2017 927 2092 Romnae
944 2025 1179 2114 potestatem,
1198 2039 1245 2089 ea
1260 2027 1338 2089 tota

292 2130 453 2227 pendere
482 2131 604 2226 potuit
634 2131 869 2228 exipsorum
898 2129 1130 2219 auctoritate,
1163 2152 1250 2225 quae
1277 2151 1336 2202 ex-

293 2243 409 2317 cussis
427 2242 718 2339 imperatoribus,
737 2244 908 2318 doctores
925 2253 1051 2318 tamen
1069 2241 1259 2316 Romanos
1275 2241 1337 2316 ha-

291 2355 378 2430 bere
397 2365 581 2430 contentae
600 2369 698 2431 sunt.

343 2476 403 2542 23.
430 2467 698 2542 Ecclesiastici
723 2467 899 2566 appellari
923 2477 1090 2564 possunt,
1115 2465 1181 2564 qui
1206 2489 1337 2545 munus

294 2580 332 2654 in
358 2580 520 2655 ccclesia
546 2591 718 2655 exercent
743 2578 941 2678 publicum.
994 2580 1194 2654 Munerum
1216 2591 1337 2658 autern

293 2705 373 2769 eret
397 2693 497 2768 eliud
520 2693 775 2784 ministeriam,
803 2692 914 2767 aliud
936 2691 1210 2792 magisterium.
1262 2695 1337 2768 Mi-

293 2807 495 2882 nistrorcra
512 2831 644 2881 munus
670 2819 750 2880 erat
775 2806 950 2881 inservire
975 2805 1121 2897 mensis,
1138 2829 1338 2902 procurare

292 2921 391 2996 bona
415 2920 579 2995 ecclesia
605 2919 833 3018 temporalia,
857 2920 1127 3018 portionesque,
1146 2943 1220 3015 quo
1250 2933 1339 2994 tem·

292 3057 382 3130 pore
400 3033 608 3109 divitiarum
631 3032 731 3106 omni
758 3031 897 3107 abolita
914 3031 1139 3129 proprietate
1166 3031 1214 3106 de
1241 3057 1339 3106 corn-

292 3147 396 3220 muni
413 3147 617 3237 elebantur,
635 3147 674 3220 in
692 3145 855 3244 singulos
873 3145 1103 3220 distribuere.
1147 3144 1341 3245 Magistri

293 3269 418 3333 autem
442 3283 509 3357 pro
537 3258 677 3350 ordine,
704 3258 767 3332 alii
792 3257 968 3358 apostoli,
990 3257 1053 3332 alii
1078 3257 1263 3358 episcopi,
1281 3259 1341 3332 alii

286 3370 521 3472 presbyteri,
551 3373 622 3448 hoc
653 3385 720 3464 est,
752 3373 910 3469 majores
938 3383 1028 3446 natu
1058 3371 1133 3446 sive
1164 3372 1340 3462 seniores,

292 3484 592 3584 appellabantur;
619 3511 695 3562 non
721 3497 846 3561 tamen
873 3496 916 3559 ut
938 3482 1164 3584 presbyteri
1189 3485 1340 3560 nornine

293 3609 397 3691 ctus,
411 3599 647 3694 sedcfficim
658 3598 957 3696 distingueretur.
1002 3597 1086 3672 Fuit
1098 3597 1197 3672 enim
1215 3598 1339 3672 Timo·

292 3713 399 3787 theus
419 3713 622 3810 presbyter,
645 3734 867 3809 quamquam
880 3708 1042 3806 juvenis;
1070 3709 1135 3784 sed
1152 3709 1243 3806 quia
1265 3711 1339 3810 ple-

292 3847 447 3926 rumque
485 3824 653 3898 seniores
696 3824 745 3898 ad
786 3821 1012 3922 magisterio
1055 3821 1337 3914 adhibebantur,

292 3960 428 4013 nornen
453 3936 583 4012 aetatis.
598 3936 646 4010 ed
671 3934 953 4032 significandum
969 3959 1102 4010 munus
1119 3948 1338 4033 usurpatum

294 4061 360 4125 est.
425 4049 542 4124 Iidem
576 4047 755 4149 magistri
788 4071 856 4146 pro
892 4046 1105 4124 diversitate
1144 4071 1338 4124 munerum

293 4163 519 4238 vocabantur
544 4163 606 4238 eiii
634 4161 811 4261 apostoli,
829 4159 891 4236 alii
910 4161 1123 4260 propbeta,
1142 4161 1205 4238 alii
1227 4185 1336 4236 cooa-
