2876 4908
101 503 199 555 SEC'I'.
216 503 268 556 111.

166 583 203 630 17.

84 723 240 769 lincommuui-

84 789 142 832 catio
152 791 213 847 qnid,
222 795 244 832 et

84 853 107 896 in
121 867 176 912 quos
186 855 266 898 cadero

84 931 128 962 nou
139 923 215 976 polest

296 287 369 352 406
722 295 907 348 sturmo.

346 471 407 538 26.
433 463 551 538 Actus
576 462 792 536 retentionis
811 474 1050 560 peccatorum
1068 461 1099 535 is
1116 471 1188 550 est,
1205 459 1272 556 qni
1284 483 1345 532 vo-

296 587 402 650 catur
414 577 461 651 ab
472 575 628 650 ecclesia
640 573 980 664 excommunicatio,
994 585 1033 648 et
1045 599 1068 648 a
1080 583 1209 648 sancto
1221 571 1345 660 Paulo,

296 689 454 764 tradere
467 689 635 764 Saturum.
687 689 833 762 Nomen
847 687 1237 762 excommunicationis
1250 685 1345 759 idem

296 827 430 878 sonans
444 802 544 899 quod
554 805 810 900 ἂποσυνᾶγωγον
823 803 933 892 ποιεῖν,
945 827 966 874 e
979 823 1181 901 synagoga
1194 799 1346 897 ejicere,

296 928 459 991 tractum
487 915 634 989 videtur
659 915 788 1010 alege
816 913 992 1004 Mosaios,
1027 938 1100 1010 qua
1133 937 1210 1002 eos,
1238 913 1301 1009 qui
1326 937 1349 986 a

296 1030 488 1104 sacerdote
518 1029 654 1125 leprosi
678 1027 836 1125 Judicati
866 1039 965 1119 suut,
983 1039 1090 1102 extra
1106 1037 1232 1101 castra
1249 1049 1346 1099 seor-

298 1143 368 1217 sim
392 1143 529 1216 habere
550 1141 771 1237 imperatum
798 1151 855 1214 est
883 1141 1015 1235 (levit.
1034 1141 1110 1215 xiii.
1128 1143 1211 1236 46),
1230 1139 1347 1214 donee

295 1279 422 1330 rursus
440 1253 642 1328 sacerdotis
665 1253 806 1351 judicio
829 1253 970 1344 mundi,
999 1263 1037 1328 et
1066 1255 1179 1327 certis
1204 1253 1346 1342 ritibus,

296 1371 395 1443 inter
412 1393 503 1466 quos
529 1378 609 1442 erat
635 1367 801 1464 corporis
831 1367 979 1457 lavatio,
1005 1367 1193 1463 purificati
1211 1379 1346 1440 esseut.

297 1481 559 1579 Progrediente
587 1481 674 1554 inde
701 1492 878 1577 tempore,
906 1479 1046 1555 Judaeis
1072 1505 1153 1554 mos
1182 1491 1265 1554 erat
1287 1505 1348 1554 eos

295 1597 421 1681 etiam,
442 1596 505 1692 qui
521 1595 769 1668 transibanta
791 1593 1009 1668 Gentilismo
1027 1593 1075 1668 ad
1099 1593 1348 1684 Judaismum,

295 1705 1346 1806 tanquamimmundos,nonreciperc,nisipriuslcoutos;

295 1834 333 1897 et
365 1821 622 1896 dissentientes
649 1847 672 1896 a
699 1821 869 1895 doctrina
894 1845 1114 1921 synagogis,
1145 1847 1347 1921 synagoga

295 1934 446 2032 ejicere.
498 1934 558 2008 Ad
577 1933 855 2008 similitudinem
871 1933 981 2030 hujus
1004 1935 1097 2008 ritus
1114 1945 1347 2010 transeuntes

295 2047 343 2122 ad
361 2049 694 2137 Christianismum,
714 2047 790 2121 sive
814 2047 935 2121 Judaei
962 2059 1086 2123 essent
1103 2049 1180 2123 sive
1198 2051 1346 2138 Gentes,

294 2185 371 2235 non
388 2161 458 2234 nisi
470 2185 539 2257 per
557 2160 781 2259 baptismum
793 2159 833 2233 in
844 2159 1042 2234 ecclesium
1056 2161 1346 2260 recipiebantnr;

295 2288 334 2347 et
351 2273 609 2349 dissentientes
639 2274 685 2348 ab
713 2273 890 2364 ecclesio,
909 2275 1157 2348 communione
1178 2277 1347 2350 ecclesio

294 2387 546 2484 privabantur.
590 2387 703 2460 Tradi
717 2397 843 2460 nutem
859 2389 1006 2461 Satanae
1018 2387 1102 2462 ideo
1117 2389 1347 2476 dicebantur,

295 2500 382 2596 quia
411 2500 516 2598 qnod
543 2511 649 2574 extra
678 2499 876 2574 ecclesium
906 2513 997 2591 erat,
1028 2501 1206 2576 idemne
1236 2527 1348 2598 regno

296 2615 444 2690 Satanae
473 2613 866 2712 comprehendebatur.
918 2615 1018 2688 Finis
1039 2615 1253 2711 hujusmodi
1280 2615 1348 2688 dis-

294 2729 440 2825 ciplinae
475 2741 566 2820 erat,
604 2739 648 2802 ut
687 2729 858 2802 destituti
892 2727 940 2802 ad
974 2739 1121 2825 tempus
1157 2730 1281 2826 gratia
1313 2737 1348 2800 et

293 2842 495 2939 privilegiis
522 2840 695 2916 ecciesicu
714 2841 978 2937 spiritualibus,
996 2841 1281 2914 humiliarentur
1304 2839 1347 2913 ad

295 2955 463 3030 salutem.
516 2957 679 3028 Effectus
702 2965 841 3043 autem,
861 2954 983 3051 quoad
1001 2953 1194 3042 secularia,
1211 2955 1244 3027 is
1261 2965 1347 3034 erat,

293 3082 338 3141 ut
348 3069 683 3142 incommunicatus
694 3092 771 3140 non
780 3067 891 3141 modo
903 3067 1071 3156 coetibus,
1087 3067 1163 3141 sive
1174 3067 1348 3154 ecclesiis,

296 3194 335 3254 et
366 3183 650 3278 participatione
687 3179 948 3277 mysteriorum
980 3179 1256 3277 prohiberetur,
1288 3179 1347 3253 sed

295 3303 473 3390 tanquam
500 3296 633 3369 noxius
663 3293 896 3390 contagione,
924 3294 1034 3367 etiam
1056 3297 1162 3391 pejor
1189 3295 1348 3382 ethnico,

297 3433 321 3481 a
333 3409 477 3482 caeteris
494 3409 710 3482 Christianis
729 3408 882 3503 siugulis
899 3407 1100 3504 fugeretur.
1154 3407 1254 3480 Nam
1272 3431 1348 3481 cren

296 3519 457 3594 ethnicis
469 3521 699 3594 commisceri
711 3521 879 3617 permisit
890 3519 1078 3617 apostolus
1094 3519 1108 3612 (
1116 3529 1128 3592 l
1146 3521 1232 3594 Cor.
1246 3545 1281 3592 v.
1296 3529 1349 3606 10,

301 3637 378 3728 ll);
397 3660 476 3707 cum
493 3634 553 3709 itis
569 3659 616 3706 ue
633 3633 752 3706 cibum
764 3634 912 3730 quidem
931 3657 1173 3707 consumere.
1227 3637 1347 3709 Quum

298 3769 388 3842 ergo
404 3746 491 3821 talis
515 3747 564 3820 sit
590 3745 978 3819 incommunicatiouis
995 3747 1160 3836 effectus,
1178 3747 1348 3820 muniiss-

297 3871 377 3934 tum
407 3872 475 3950 est,
503 3859 623 3955 primo
648 3857 745 3946 loco,
773 3857 963 3931 ciuitatem
996 3857 1256 3932 Christianum
1280 3885 1346 3932 nou

290 3995 410 4070 posse
428 3968 748 4045 excommunicari.
792 3971 859 4044 Est
876 3969 974 4043 enim
985 3971 1114 4044 civitas
1126 3973 1344 4056 Christiana,

297 4085 453 4158 ecclesia
470 4085 679 4158 Christiana
699 4083 757 4176 (ut
774 4093 961 4157 ostensum
977 4095 1035 4157 est
1057 4107 1169 4181 supra
1186 4097 1256 4158 art.
1270 4091 1343 4174 ⁴21),

300 4209 338 4268 et
355 4198 518 4292 ejusdem
532 4197 765 4272 extensionis.
819 4195 999 4270 Ecclesia
1013 4207 1136 4272 autem
1148 4223 1343 4273 cucurrimu-
