2904 4912
274 239 350 304 432
705 255 892 308 nnn1o10.

73 447 174 500 sucu,
189 449 242 502 111,
272 420 332 492 vel
349 419 607 510 sacerdotium,
622 421 722 517 quod
734 445 911 517 magnum
925 431 983 494 est
998 420 1188 494 vinculum
1205 419 1323 494 civilis

84 527 228 631 ,ᾗ
272 533 503 624 obedientiae,
536 536 720 623 amittere,
754 533 813 607 vel
847 557 1006 630 regnum
1043 533 1323 606 haereditarium

58 665 183 743 novusne
271 668 347 718 non
368 646 517 720 habere.
568 647 710 720 Eodem
737 669 884 742 quoque
912 656 1056 742 spectat
1078 646 1321 718 canonisatio

57 731 246 841 {imm
270 769 497 850 sanctorum,
521 785 633 856 quam
659 759 799 833 ethnici
825 758 1049 855 apotheosin
1072 758 1320 854 appellarunt.

57 860 237 984 fflffijff
271 871 462 967 Numqui
491 871 657 948 subditos
684 872 824 946 alienos
854 881 960 944 tanto
987 871 1141 967 praemio
1170 871 1322 943 allicere

57 990 133 1048 “¹³⁰³
141 991 255 1049 mu
269 996 403 1080 potest,
429 985 513 1058 talis
537 985 667 1081 gloriae
689 984 816 1058 avidos
837 983 886 1056 ad
909 984 1089 1080 quidlibet
1105 984 1321 1058 audendum

269 1107 308 1170 et
337 1097 547 1171 faciendum
581 1098 757 1172 inducere
789 1108 924 1193 potest.
978 1096 1080 1179 Quid
1113 1099 1214 1170 enim
1248 1099 1323 1170 nisi

269 1210 449 1285 honorem
471 1211 571 1307 apud
589 1223 760 1307 posteros
784 1211 1032 1306 quaesiverunt
1053 1211 1164 1284 vDecii
1183 1211 1322 1307 aliique

270 1323 439 1414 Romani,
468 1326 532 1421 qui
561 1349 601 1398 se
631 1325 872 1414 devoverunt,
901 1336 940 1397 et
968 1324 1068 1398 mille
1091 1324 1167 1412 alii,
1190 1324 1255 1419 qui
1280 1324 1322 1395 in

226 1527 231 1536 Ι
268 1437 433 1532 pericula
449 1438 679 1512 incredibilia
692 1463 731 1512 se
744 1437 1007 1533 conjecerunt?
1044 1437 1322 1510 Controversiae

269 1550 316 1623 de
339 1552 575 1647 purgatorio
606 1561 644 1624 et
675 1549 927 1646 indulgentiis
957 1549 1004 1622 de
1038 1561 1184 1645 quaestu
1218 1562 1320 1623 sunt.

270 1664 504 1738 Quaestiones
518 1663 565 1736 de
582 1663 701 1737 libero
715 1663 892 1753 arbitrio,
906 1663 954 1735 de
962 1663 1255 1758 justrflca'tione,
1270 1663 1321 1734 de

268 1776 376 1848 modo
393 1776 606 1873 recipiendi
626 1777 817 1849 Christum
835 1777 874 1848 in
891 1787 1141 1866 sacramento,
1155 1776 1321 1873 philoso-

268 1889 389 1986 phicae
411 1900 510 1963 sunt.
562 1890 658 1964 Sunt
687 1901 726 1962 et
756 1890 977 1987 quaestiones
1007 1888 1054 1962 de
1084 1889 1217 1962 ritibus
1241 1914 1321 1963 non

269 2002 503 2091 introductis,
520 2002 587 2074 sed
608 2002 746 2077 relictis
771 2003 811 2077 in
834 2003 991 2076 ecclesia
1013 2027 1091 2075 non
1116 2002 1206 2076 satis
1229 2027 1321 2099 pur-

268 2126 358 2209 gata
370 2139 393 2186 o
405 2115 645 2199 Gentilismo;
676 2114 742 2188 sed
758 2139 835 2188 non
848 2126 905 2187 est
918 2138 1010 2211 opus
1022 2116 1148 2211 plures
1166 2139 1321 2188 enume-

268 2251 363 2300 rare.
416 2227 546 2300 Sciunt
562 2252 701 2317 omneS,
718 2252 800 2300 eam
823 2251 903 2301 esse
923 2240 1096 2301 naturam
1112 2228 1320 2318 hominum,
1444 2239 1445 2244 ’

268 2351 312 2414 ut
342 2338 600 2412 dissentientes
630 2341 676 2413 de
711 2340 986 2436 quaestionibus
1016 2341 1082 2412 ubi
1115 2341 1242 2436 agitur
1269 2341 1320 2416 de

266 2453 453 2551 potentia,
470 2454 530 2526 vel
553 2453 671 2543 lucro,
688 2454 747 2526 vel
766 2454 1003 2550 praestantia
1027 2453 1186 2551 ingenii,
1211 2455 1322 2528 alteri

268 2567 404 2640 alteros
431 2566 686 2641 convicientur
712 2577 751 2638 et
774 2565 1100 2639 anathematizent.
1152 2567 1240 2640 Non
1260 2580 1322 2642 est
1443 2625 1444 2636 ,

269 2702 359 2775 ergo
378 2679 524 2769 mirum,
543 2681 574 2752 si
596 2680 771 2775 dogmata
790 2680 868 2752 fere
891 2680 1027 2769 omnia,
1044 2691 1244 2777 postquam
1262 2682 1323 2755 in-

269 2792 450 2865 caluerint
472 2792 640 2866 homines
666 2792 902 2888 disputando,
921 2792 1095 2866 dicantur
1115 2794 1162 2866 ab
1183 2794 1241 2866 his
1257 2796 1320 2867 vel

267 2905 340 2978 illis
356 2907 574 2978 neccessario
600 2929 681 2978 esse
704 2905 753 2978 ad
771 2905 979 3001 ingressum
1001 2906 1041 2978 in
1058 2929 1216 3001 regnum
1235 2907 1320 2998 Dei,

267 3042 344 3092 non
360 3019 471 3093 modo
494 3031 538 3091 ut
560 3019 803 3092 contumaciae
826 3019 976 3093 nomine
995 3018 1231 3110 damnentur,
1250 3024 1318 3118 qui

267 3157 313 3206 ea
331 3156 407 3204 non
430 3132 660 3215 concedunt3
691 3131 731 3204 id
748 3131 849 3228 quod
871 3142 958 3228 post
981 3133 1148 3206 ecclesiae
1169 3147 1321 3208 senten·

266 3246 358 3318 tiam
370 3269 499 3318 verum
516 3257 594 3330 est;
619 3245 684 3318 sed
700 3245 952 3330 infidelitatis;
978 3245 1225 3341 quodfalsum
1237 3273 1318 3323 esse

266 3359 413 3432 ostendi
430 3382 541 3455 supra
557 3359 784 3456 expluribus
807 3359 1095 3433 evidentissimis
1114 3360 1317 3456 Scripturas
1441 3345 1442 3362 ¹

265 3472 378 3547 locis:
406 3474 539 3570 quibus
565 3473 662 3546 addo
689 3474 789 3546 hunc
818 3473 938 3546 sancti
970 3473 1074 3546 Pauli
1099 3474 1222 3564 (Rom.
1240 3476 1315 3548 xiv.

267 3596 302 3676 3,
323 3591 379 3682 5);
409 3587 483 3672 Qut
499 3587 710 3673 mmtdacat,
727 3612 798 3660 non
819 3587 1102 3660 maradncantem
1117 3612 1190 3660 non
1206 3613 1316 3685 sper-

265 3711 358 3786 nat;
384 3701 450 3799 qni
463 3724 534 3772 non
547 3700 759 3789 manducat,
770 3699 1052 3773 manducantem
1067 3701 1315 3794 conjudicat:

263 3813 371 3900 Dens
392 3813 487 3885 enirn
510 3811 615 3885 illam
639 3812 852 3909 assumpsit.
904 3811 1018 3883 Alias
1031 3812 1188 3907 judicat
1217 3813 1315 3886 diem

265 3925 366 3998 inter
396 3925 493 3997 diem
505 3953 519 4007 ,·
556 3924 656 3996 alias
690 3935 813 3997 antem
833 3924 991 4019 judicat
1021 3949 1161 3998 ommno
1189 3925 1314 4000 diem.-

265 4038 516 4137 nnasqaisque
534 4037 698 4111 ahnrtdat
715 4037 754 4109 in
771 4062 838 4109 sno
855 4062 978 4126 setosa.

501 4224 615 4274 FINIS
629 4223 869 4274 VOLUMINIS
885 4223 1083 4276 sncUNDI.

542 4457 571 4486 ·1:
605 4457 654 4488 rus
680 4458 820 4495 ,nicaenos
832 4447 880 4495 100,
891 4459 923 4490 sr.
935 4447 1031 4490 nnarru'
1056 4459 1123 4490 uss.
