2904 4912
338 331 391 382 nu
412 329 686 382 Nucnssnnns
704 329 760 382 nn
781 329 986 384 snnureu.
1107 309 1181 390 427

135 498 224 570 rino.
275 497 528 570 Joh.xx.31:
554 495 654 568 Hoec
681 497 830 594 scripto
857 505 955 587 sunt,
984 506 1025 568 ut
1049 493 1183 568 credo-
1213 529 1308 580 sacr,
1324 529 1375 579 111,

137 611 200 698 tis,
229 610 319 708 quio
346 611 474 684 lusus
504 609 809 684 usuCnnrsuus
829 609 942 706 filius
959 609 1048 698 Dei,
1073 619 1112 681 ct
1142 617 1184 680 ut
1224 607 1367 710 ,ξω
1449 603 1450 614 ’

136 723 335 796 eredentes
351 723 466 796 vitam
482 722 657 796 habeatis
680 723 719 795 in
739 724 883 796 nomine
900 724 993 818 ejus.
1045 721 1183 810 Quare,

137 835 201 932 qui
218 835 271 910 sic
290 835 418 925 credit,
431 835 583 909 habebit
599 835 714 908 vitam
730 847 929 920 aeternam3
956 858 1076 931 neque
1094 857 1183 930 ergo

137 973 231 1045 opus
256 949 369 1022 habet
399 948 471 1021 alia
493 948 579 1021 fide.
636 958 650 1020 l
683 947 768 1022 Joh.
796 947 845 1020 iv.
874 958 920 1022 2:
951 946 1078 1020 Omnis
1105 947 1185 1045 spi-

137 1062 249 1152 ritur,
277 1062 343 1159 qui
370 1063 567 1156 comitetur
594 1060 722 1135 desum
756 1060 945 1134 Christum
974 1061 1120 1134 venisse
1146 1057 1185 1132 in

137 1197 265 1264 carne,
290 1199 338 1247 ec
363 1175 447 1248 Deo
470 1183 539 1246 cst.
590 1174 651 1262 Et,
681 1173 802 1248 lJoh.
821 1198 855 1247 v.
880 1183 924 1248 l:
955 1163 1083 1246 Omnis
1105 1172 1186 1272 spi-

141 1287 254 1374 ritus,
279 1285 346 1384 qni
363 1285 498 1374 credit,
527 1286 700 1384 quoniam
717 1287 845 1360 lusus
866 1308 941 1360 usu
959 1287 1185 1373 CunisnuS,

138 1425 186 1472 ex
213 1400 298 1472 Deo
329 1408 441 1472 notus
473 1409 541 1472 est.
604 1399 652 1472 Et
682 1408 697 1473 l
730 1399 817 1472 Joh.
845 1424 881 1472 v.
910 1409 956 1472 5:
996 1400 1089 1485 Quis
1116 1409 1186 1487 est,

140 1513 208 1610 qui
221 1512 338 1585 uincit
354 1512 536 1599 mundum,
547 1511 623 1584 nisi
640 1513 706 1609 qui
725 1511 859 1601 credit,
872 1513 1045 1610 quoniam
1058 1513 1080 1585 J
1084 1533 1186 1586 usus

140 1649 216 1700 usn
230 1625 345 1721 filius
363 1626 472 1698 Dei?
525 1625 564 1698 si
582 1625 697 1720 igitur
714 1625 857 1698 nonsit
880 1649 973 1722 opus
990 1625 1092 1698 uliud
1109 1649 1189 1699 cre-

79 1730 82 1736 ’
139 1740 240 1828 dere,
258 1749 302 1812 ut
331 1738 413 1834 quis
446 1738 494 1811 sit
523 1763 571 1810 en
601 1739 683 1812 Deo
695 1766 710 1822 ;
736 1748 848 1811 natus
879 1763 926 1812 eo
955 1737 1039 1810 Deo
1051 1765 1065 1822 ;
1092 1749 1130 1810 et
1147 1747 1190 1810 ut

138 1853 265 1925 vincat
295 1850 476 1938 mnndum,
504 1875 614 1946 quam
635 1852 776 1925 Jnsuu
808 1873 909 1924 usse
938 1850 1188 1936 Cnn1snuu;

139 1965 273 2038 unicus
292 1963 353 2038 ille
371 1963 548 2039 articulus
566 1963 701 2036 sufficit
718 1963 765 2036 ad
792 1964 958 2037 salutem.
1010 1964 1095 2036 Act.
1112 1963 1188 2038 viii.

141 2089 202 2166 36,
223 2081 292 2160 37:
319 2077 423 2150 Ecce
442 2101 554 2174 aqua,
574 2077 860 2175 quidproliibet
883 2102 940 2150 me
965 2075 1190 2176 baptizari?

140 2190 256 2263 Dicit
283 2200 406 2263 autem
424 2189 654 2289 Philippus:
681 2191 716 2264 si
744 2189 870 2264 credis
888 2216 936 2263 cn
967 2190 1190 2280 totocorde,

142 2304 247 2378 licet.
300 2303 558 2400 Respondent,
588 2303 670 2378 ait:
713 2304 828 2378 credo
843 2303 973 2400 filium
1003 2305 1081 2378 Dei
1109 2328 1193 2378 esse

141 2418 271 2490 lesum
301 2415 504 2489 Christum.
559 2417 598 2490 Si
628 2417 777 2512 quidem
807 2441 895 2514 ergo
921 2418 1099 2492 articulus
1126 2417 1188 2490 ille

142 2555 189 2603 ex
205 2529 425 2618 totocorde,
443 2529 514 2602 hoc
532 2541 599 2618 est,
616 2531 690 2604 fide
703 2531 850 2604 interna
863 2530 1036 2620 creditus,
1056 2531 1190 2604 sufficit

142 2643 191 2718 ad
209 2643 443 2739 baptismum,
470 2643 605 2716 sufficit
623 2643 733 2715 etiam
764 2643 813 2716 ad
833 2643 1000 2717 sulutem.
1053 2645 1191 2718 Praeter

142 2757 224 2830 haec
253 2756 348 2845 loca,
376 2755 449 2828 alia
473 2755 667 2830 innumera
694 2768 792 2846 sunt,
811 2780 895 2854 quae
920 2756 1020 2830 idem
1037 2758 1135 2830 clare
1154 2767 1193 2830 et

143 2893 315 2966 expresse
333 2870 530 2944 affirmant.
582 2871 675 2961 Imo,
693 2869 902 2966 ubicunque
922 2870 1080 2967 legimus
1108 2870 1194 2945 Ser-

142 2997 312 3056 vatorem
344 2995 514 3056 nostrum
544 2984 747 3080 cujuspiam
777 2984 889 3056 fidem
917 2983 1098 3073 laudasse,
1132 2984 1193 3058 vel

144 3095 290 3185 dixisse,
297 3092 403 3190 fides
421 3104 487 3167 tuo
506 3105 543 3168 te
560 3096 703 3168 ealcum
705 3095 825 3191 fecit,
834 3097 894 3169 vel
905 3119 1052 3170 sanasse
1069 3121 1195 3194 quem·

145 3209 248 3306 piam
273 3218 424 3304 propter
441 3206 565 3297 fidem,
580 3208 632 3282 ibi
648 3208 853 3304 propositio
872 3209 1013 3283 credita
1030 3210 1103 3284 alia
1118 3235 1195 3284 non

146 3333 228 3396 erat
245 3345 356 3418 quam
372 3321 465 3411 haec,
482 3320 504 3393 J
508 3343 611 3395 usus
632 3343 708 3396 usn
726 3320 951 3412 CunrsruS,
968 3325 1027 3397 vel
1054 3325 1195 3398 directe

147 3435 206 3510 vel
221 3457 289 3532 per
303 3457 542 3530 consequens.

203 3559 259 3624 ll.
288 3547 475 3623 Quoniam
492 3559 618 3623 autem
636 3547 787 3622 credere
813 3546 1044 3624 detumesce
1064 3547 1376 3642 Chris-1neparffieu10

149 3672 224 3736 tum
256 3685 366 3735 nemo
399 3671 535 3758 potest,
571 3660 646 3757 qui,
675 3684 760 3734 cum
787 3661 881 3736 sciat
912 3685 980 3759 per
1010 3660 1196 3736 Christum
1209 3629 1394 3740 illllllll

148 3773 308 3870 intelligi
321 3797 448 3870 regem
471 3773 587 3862 illum,
610 3772 674 3868 qui
694 3797 717 3847 e
742 3773 821 3846 Deo
839 3775 1040 3870 promissus
1057 3785 1114 3846 est
1130 3799 1197 3871 per
1209 3761 1284 3807 ml·

149 3888 281 3962 Mosen
294 3899 332 3960 et
342 3886 541 3983 prophetas
552 3885 591 3959 in
601 3886 745 3984 Regem
757 3896 794 3960 et
805 3885 1045 3960 Seruatorem
1055 3887 1196 3978 mundi,

149 4026 226 4074 non
238 4000 365 4075 credat
383 4000 494 4074 etiam
512 3999 611 4074 Mosi
626 4011 664 4073 et
675 3999 892 4097 prophetis,
909 4025 1029 4096 neque
1048 4000 1198 4074 credere

150 4114 208 4187 his
220 4114 349 4210 possit,
365 4113 428 4209 qui
441 4137 516 4188 nou
534 4111 654 4186 credit
665 4113 786 4184 Deum
799 4121 837 4184 et
848 4114 1034 4187 exsistere
1047 4125 1085 4186 et
1097 4139 1199 4187 mun-

152 4227 238 4302 dum
252 4225 481 4325 gubernare,
501 4224 683 4301 contineri
709 4247 860 4300 necesse
888 4239 944 4301 est
969 4227 1081 4302 fidem
1099 4228 1199 4302 illam
