2904 4916
305 295 358 349 nn
379 296 520 350 naono
542 295 614 350 nur
635 297 714 350 nnn
735 294 953 350 urrunnu.
1080 279 1152 348 349

104 461 224 537 tuitur
239 463 279 537 in
296 462 443 562 signum
459 464 632 538 honoris:
658 464 711 538 sic
728 473 852 538 autem
870 463 990 537 colere
1007 464 1153 560 signum
1182 489 1347 542 sucum.

105 577 258 651 honoris
285 589 352 668 est,
380 590 417 652 et
441 579 620 652 honorem
650 577 719 650 Dei
748 589 931 674 propagat
953 576 1053 675 apud
1079 601 1153 666 eos,
1194 567 1338 672 L

105 692 241 786 quibus
266 716 334 788 pro
360 691 465 789 signo
491 693 658 766 habetur.
710 692 779 766 Vel
800 693 832 766 si
848 693 1048 789 imperetur
1074 693 1154 766 Deo
1167 709 1322 752 bubastim

106 829 244 878 nomen
262 805 477 895 attribuere,
495 805 596 902 quod
615 829 691 879 non
716 806 954 903 intelligimus
973 806 1063 904 quid
1081 807 1154 903 sig·
1166 771 1366 832 &dmum

106 919 246 1008 nificet,
264 931 328 992 aut
354 920 538 1016 quomodo
561 943 645 994 cum
670 920 741 995 hoc
768 921 848 1018 ipro
873 921 1034 1008 nomine,
1057 919 1154 1008 Dea,

107 1032 316 1118 oohaereat3
354 1033 393 1106 id
423 1057 569 1130 quoque
599 1033 809 1106 faciendum
839 1045 916 1119 est;
957 1033 1044 1130 quia
1074 1056 1155 1130 qnae

106 1145 264 1219 facimus
288 1146 439 1220 honoris
468 1170 589 1237 causa,
619 1170 689 1222 nec
716 1147 953 1244 intelligimus
985 1147 1092 1221 aliter
1117 1169 1156 1220 se

107 1261 257 1350 habere,
288 1260 320 1334 si
348 1284 416 1357 pro
446 1260 560 1358 signis
591 1261 742 1336 honoris
775 1261 1019 1359 accipimrtur,
1051 1261 1157 1357 signa

107 1373 262 1447 honoris
293 1385 401 1458 sunt;
439 1374 607 1470 ideoque,
638 1376 668 1449 si
702 1399 747 1449 ea
779 1375 902 1449 facere
932 1397 1156 1464 recusamus

108 1508 320 1559 recusamus
333 1486 402 1559 Dei
414 1486 593 1561 honorem
604 1511 822 1584 propagare.
875 1487 980 1561 Idem
994 1487 1157 1561 sentien-

108 1599 200 1672 dum
223 1609 280 1672 est
305 1598 350 1672 de
376 1599 546 1673 omnibus
563 1599 761 1674 attributis
779 1609 816 1674 et
830 1599 1041 1674 actionibus
1060 1601 1159 1673 circa

110 1712 252 1785 arritum
278 1711 348 1785 Dei
372 1737 472 1787 mere
499 1714 728 1803 rationalem,
748 1738 831 1811 quae
857 1713 989 1788 eadere
1009 1715 1049 1787 in
1069 1738 1158 1788 oon-

108 1825 329 1898 troversinm
341 1827 400 1899 vel
413 1827 591 1925 disputari
607 1839 772 1924 possunt.
816 1829 1050 1926 Quamquam
1061 1828 1159 1902 enim

108 1939 322 2036 hujusmodi
338 1939 519 2037 imperata
544 1952 698 2038 possunt
724 1965 802 2016 esse
824 1942 1011 2016 interdum
1028 1952 1160 2016 eontra

109 2063 252 2126 rectam
276 2054 469 2144 rationem,
488 2054 644 2151 ideoque
669 2067 825 2152 peccata
840 2055 879 2129 in
901 2056 946 2130 iis
964 2057 1028 2153 qui
1045 2057 1159 2153 impe-

109 2179 218 2252 rant;
255 2192 331 2241 nou
359 2177 484 2242 tamen
513 2179 604 2242 sunt.
631 2181 762 2244 contra
794 2182 935 2244 rectam
965 2169 1158 2256 rationem,

109 2305 233 2376 neque
249 2291 402 2377 peecata
419 2281 459 2354 in
476 2282 643 2374 subditis,
662 2306 819 2381 quorum
832 2283 872 2356 in
885 2285 996 2357 rebus
1011 2295 1160 2357 coutro-

110 2394 228 2468 versis
254 2405 358 2466 reeta
382 2394 478 2466 ratio
505 2407 561 2468 est
587 2419 641 2487 en,
666 2420 749 2491 quae
772 2397 999 2470 submittitur
1025 2393 1160 2469 rationi

110 2507 285 2581 civitatis
337 2509 538 2596 Postremo,
552 2509 584 2582 si
601 2509 632 2581 is
649 2509 761 2581 homo
774 2508 834 2582 vel
852 2508 965 2598 cuna,
980 2509 1040 2581 cui
1058 2533 1159 2581 com-

111 2622 226 2694 missa
251 2632 306 2694 est
331 2644 474 2694 summa
498 2633 662 2719 potestas
689 2621 860 2712 civitatis,
874 2623 1002 2717 jubeat
1024 2645 1062 2694 se
1086 2619 1157 2694 noli

112 2733 314 2809 attributio
340 2746 379 2806 et
404 2734 614 2808 actionibus
640 2734 723 2821 illis,
748 2734 879 2830 quibus
903 2733 1078 2807 colendus
1104 2744 1161 2806 est

112 2849 227 2936 Deua,
241 2848 355 2943 quaeri
368 2857 491 2945 potest
508 2871 556 2920 an
574 2846 821 2921 obediendum
835 2847 894 2921 sit.
939 2848 1061 2920 Multa
1072 2858 1159 2920 sunt

114 2987 200 3060 quae
217 2974 256 3034 et
273 2964 353 3035 Deo
372 2974 410 3035 et
426 2962 635 3035 bominibus
654 2962 898 3035 communiter
911 2961 1064 3036 attribui
1077 2985 1160 3058 pos-

115 3085 221 3160 suut;
248 3101 335 3149 uam
353 3086 391 3149 et
407 3076 574 3149 homiues
593 3074 750 3148 laudari
763 3087 801 3149 et
818 3075 1060 3174 magnificari
1076 3097 1160 3172 pos-

115 3199 221 3274 sunt3
239 3189 437 3286 multaeque
449 3189 625 3278 actiones
638 3190 770 3286 quibus
781 3201 820 3262 et
830 3189 931 3264 Deus
944 3200 981 3262 et
993 3189 1162 3263 homines

116 3303 190 3376 coli
206 3313 372 3399 possunt.
419 3302 493 3376 Sed
510 3301 777 3376 attributorum
795 3314 833 3375 et
846 3303 1032 3376 actionum
1050 3301 1163 3398 signi-

116 3415 308 3488 ficationes
321 3425 467 3488 tantum
480 3415 689 3512 spectandae
701 3427 798 3489 sunt.
839 3415 1050 3490 Attributia
1063 3439 1163 3512 ergo,

117 3530 252 3625 quibus
279 3529 527 3624 significamus
545 3528 682 3601 sentire
699 3551 779 3619 nos,
797 3530 986 3602 bominem
1004 3529 1164 3626 aliquem

117 3643 171 3716 ita
197 3642 394 3738 imperium
419 3643 557 3715 babere
573 3653 616 3715 ut
634 3667 656 3714 a
673 3642 752 3715 Deo
770 3667 845 3716 uon
863 3643 1080 3738 dependeat,
1100 3642 1165 3715 -vel

118 3781 198 3830 esse
215 3756 473 3846 immortalem,
492 3757 550 3830 vel
574 3757 751 3854 potentiae
771 3757 938 3843 infinitae,
967 3769 1004 3830 et
1021 3756 1164 3846 similia,

118 3894 342 3966 quamquam
364 3871 518 3966 jubeant
541 3893 659 3966 rugae,
683 3869 943 3944 abstinendum
966 3881 1043 3954 est;
1070 3869 1166 3943 sicut

119 3996 157 4056 et
175 3981 387 4056 actionibus
412 3982 511 4055 idem
538 3983 841 4080 significantibus,
865 3996 908 4056 ut
933 3983 1076 4081 precari
1101 3984 1165 4057 ab·

118 4108 275 4185 sentem,
294 4119 426 4192 rogare
453 4121 497 4168 ea
522 4121 605 4192 quae
632 4098 730 4171 solus
748 4099 848 4170 Deus
866 4096 954 4170 dare
971 4107 1105 4194 potest,
1123 4108 1166 4170 ut

118 4209 264 4308 pluvias
291 4220 329 4285 et
350 4211 608 4297 serenitatem
636 4212 767 4286 offerre
789 4211 822 4285 ei
847 4233 929 4308 quae
947 4211 1046 4286 solus
1064 4211 1165 4286 Deus
