<?xml version="1.0" encoding="UTF-8"?>
<!DOCTYPE html PUBLIC "-//W3C//DTD XHTML 1.0 Transitional//EN"
    "http://www.w3.org/TR/xhtml1/DTD/xhtml1-transitional.dtd">
<html xmlns="http://www.w3.org/1999/xhtml" xml:lang="en" lang="en">
 <head>
  <title>
</title>
<meta http-equiv="Content-Type" content="text/html;charset=utf-8" />
  <meta name='ocr-system' content='tesseract 3.04.00' />
  <meta name='ocr-capabilities' content='ocr_page ocr_carea ocr_par ocr_line ocrx_word'/>
</head>
<body>
  <div class='ocr_page' id='page_1' title='image "./thomhobbesmalme09hobbgoog_0293.png"; bbox 0 0 2848 4908; ppageno 0'>
   <div class='ocr_carea' id='block_1_1' title="bbox 290 313 924 394">
    <p class='ocr_par' dir='ltr' id='par_1_1' title="bbox 290 313 924 394">
     <span class='ocr_line' id='line_1_1' title="bbox 290 313 924 394; baseline 0.006 -10"><span class='ocrx_word' id='word_1_1' title='bbox 290 313 363 394; x_wconf 77' lang='lat'>278</span> <span class='ocrx_word' id='word_1_2' title='bbox 695 337 924 391; x_wconf 70' lang='lat' dir='ltr'>sannarum.</span> 
     </span>
    </p>
   </div>
   <div class='ocr_carea' id='block_1_2' title="bbox 77 497 1323 940">
    <p class='ocr_par' dir='ltr' id='par_1_2' title="bbox 95 497 1322 602">
     <span class='ocr_line' id='line_1_2' title="bbox 95 497 1322 602; baseline -0.001 -28"><span class='ocrx_word' id='word_1_3' title='bbox 95 529 191 582; x_wconf 70' lang='lat' dir='ltr'>sacr.</span> <span class='ocrx_word' id='word_1_4' title='bbox 206 531 258 584; x_wconf 88' lang='lat' dir='ltr'>ur.</span> <span class='ocrx_word' id='word_1_5' title='bbox 289 497 396 574; x_wconf 81' lang='lat' dir='ltr'>facile</span> <span class='ocrx_word' id='word_1_6' title='bbox 414 499 577 576; x_wconf 90' lang='lat' dir='ltr'>occurrit</span> <span class='ocrx_word' id='word_1_7' title='bbox 601 503 738 578; x_wconf 87' lang='lat' dir='ltr'>subditi</span> <span class='ocrx_word' id='word_1_8' title='bbox 761 503 917 601; x_wconf 89' lang='lat' dir='ltr'>alicujus</span> <span class='ocrx_word' id='word_1_9' title='bbox 934 527 957 578; x_wconf 89' lang='lat' dir='ltr'>a</span> <span class='ocrx_word' id='word_1_10' title='bbox 972 503 1140 602; x_wconf 79' lang='lat' dir='ltr'>principe</span> <span class='ocrx_word' id='word_1_11' title='bbox 1170 525 1234 578; x_wconf 85' lang='lat' dir='ltr'>sno</span> <span class='ocrx_word' id='word_1_12' title='bbox 1255 499 1322 573; x_wconf 84' lang='lat' dir='ltr'>vita</span> 
     </span>
    </p>

    <p class='ocr_par' dir='ltr' id='par_1_3' title="bbox 104 609 1321 824">
     <span class='ocr_line' id='line_1_3' title="bbox 159 609 1321 715; baseline -0.002 -27"><span class='ocrx_word' id='word_1_13' title='bbox 159 609 197 656; x_wconf 87' lang='lat'>¹⁰·</span> <span class='ocrx_word' id='word_1_14' title='bbox 288 612 347 688; x_wconf 88' lang='lat' dir='ltr'>vel</span> <span class='ocrx_word' id='word_1_15' title='bbox 370 613 488 704; x_wconf 91' lang='lat' dir='ltr'>bonis,</span> <span class='ocrx_word' id='word_1_16' title='bbox 506 615 584 688; x_wconf 93' lang='lat' dir='ltr'>sine</span> <span class='ocrx_word' id='word_1_17' title='bbox 607 617 715 714; x_wconf 89' lang='lat' dir='ltr'>culpa</span> <span class='ocrx_word' id='word_1_18' title='bbox 737 618 897 714; x_wconf 90' lang='lat' dir='ltr'>propria,</span> <span class='ocrx_word' id='word_1_19' title='bbox 921 639 988 715; x_wconf 89' lang='lat' dir='ltr'>per</span> <span class='ocrx_word' id='word_1_20' title='bbox 1010 615 1125 691; x_wconf 89' lang='lat' dir='ltr'>solam</span> <span class='ocrx_word' id='word_1_21' title='bbox 1149 613 1321 690; x_wconf 80' lang='lat' dir='ltr'>licentiam</span> 
     </span>
     <span class='ocr_line' id='line_1_4' title="bbox 104 703 607 824; baseline 0.006 -27"><span class='ocrx_word' id='word_1_22' title='bbox 104 703 246 736; x_wconf 50' lang='lat'>“⁸²</span> <span class='ocrx_word' id='word_1_23' title='bbox 290 725 433 824; x_wconf 82' lang='lat' dir='ltr'>imperii</span> <span class='ocrx_word' id='word_1_24' title='bbox 451 726 607 823; x_wconf 82' lang='lat' dir='ltr'>spoliati.</span> 
     </span>
    </p>

    <p class='ocr_par' dir='ltr' id='par_1_4' title="bbox 77 839 1323 940">
     <span class='ocr_line' id='line_1_5' title="bbox 77 839 1323 940; baseline -0.002 -27"><span class='ocrx_word' id='word_1_25' title='bbox 77 847 221 892; x_wconf 69' lang='lat' dir='ltr'>mmmm</span> <span class='ocrx_word' id='word_1_26' title='bbox 345 848 401 913; x_wconf 89' lang='lat'>19.</span> <span class='ocrx_word' id='word_1_27' title='bbox 430 839 514 915; x_wconf 91' lang='lat' dir='ltr'>Huc</span> <span class='ocrx_word' id='word_1_28' title='bbox 531 861 646 937; x_wconf 88' lang='lat' dir='ltr'>usque</span> <span class='ocrx_word' id='word_1_29' title='bbox 663 841 763 916; x_wconf 89' lang='lat' dir='ltr'>facta</span> <span class='ocrx_word' id='word_1_30' title='bbox 773 853 828 916; x_wconf 91' lang='lat' dir='ltr'>est</span> <span class='ocrx_word' id='word_1_31' title='bbox 842 841 1068 940; x_wconf 86' lang='lat' dir='ltr'>comparatio</span> <span class='ocrx_word' id='word_1_32' title='bbox 1085 841 1184 914; x_wconf 91' lang='lat' dir='ltr'>inter</span> <span class='ocrx_word' id='word_1_33' title='bbox 1199 849 1323 914; x_wconf 90' lang='lat' dir='ltr'>statum</span> 
     </span>
    </p>
   </div>
   <div class='ocr_carea' id='block_1_3' title="bbox 77 911 1323 1054">
    <p class='ocr_par' dir='ltr' id='par_1_5' title="bbox 77 911 1323 1054">
     <span class='ocr_line' id='line_1_6' title="bbox 77 911 1323 1054; baseline -0.003 -26"><span class='ocrx_word' id='word_1_34' title='bbox 77 911 262 1036; x_wconf 49' lang='lat' dir='ltr'>dllsln‘llla</span> <span class='ocrx_word' id='word_1_35' title='bbox 291 953 563 1026; x_wconf 72' lang='lat' dir='ltr'>monarchiarum</span> <span class='ocrx_word' id='word_1_36' title='bbox 581 966 620 1027; x_wconf 90' lang='lat' dir='ltr'>et</span> <span class='ocrx_word' id='word_1_37' title='bbox 640 954 867 1054; x_wconf 79' lang='lat' dir='ltr'><em>popularem</em></span> <span class='ocrx_word' id='word_1_38' title='bbox 878 983 893 1039; x_wconf 88' lang='lat'>,·</span> <span class='ocrx_word' id='word_1_39' title='bbox 919 955 965 1028; x_wconf 91' lang='lat' dir='ltr'>de</span> <span class='ocrx_word' id='word_1_40' title='bbox 978 955 1230 1029; x_wconf 76' lang='lat' dir='ltr'>aristocratia</span> <span class='ocrx_word' id='word_1_41' title='bbox 1245 951 1323 1026; x_wconf 88' lang='lat' dir='ltr'>taci-</span> 
     </span>
    </p>
   </div>
   <div class='ocr_carea' id='block_1_4' title="bbox 77 1041 1327 1734">
    <p class='ocr_par' dir='ltr' id='par_1_6' title="bbox 77 1041 1327 1734">
     <span class='ocr_line' id='line_1_7' title="bbox 77 1041 1323 1166; baseline -0.002 -25"><span class='ocrx_word' id='word_1_42' title='bbox 77 1041 278 1166; x_wconf 50' lang='lat' dir='ltr'>,lsssllf&#39;ssulffd&#39;fb‘</span> <span class='ocrx_word' id='word_1_43' title='bbox 291 1077 370 1140; x_wconf 90' lang='lat' dir='ltr'>tum</span> <span class='ocrx_word' id='word_1_44' title='bbox 401 1079 468 1141; x_wconf 89' lang='lat' dir='ltr'>est.</span> <span class='ocrx_word' id='word_1_45' title='bbox 520 1067 576 1142; x_wconf 92' lang='lat' dir='ltr'>De</span> <span class='ocrx_word' id='word_1_46' title='bbox 604 1067 684 1157; x_wconf 90' lang='lat' dir='ltr'>hac,</span> <span class='ocrx_word' id='word_1_47' title='bbox 710 1093 755 1144; x_wconf 86' lang='lat' dir='ltr'>ex</span> <span class='ocrx_word' id='word_1_48' title='bbox 778 1067 822 1142; x_wconf 92' lang='lat' dir='ltr'>iis</span> <span class='ocrx_word' id='word_1_49' title='bbox 850 1093 932 1166; x_wconf 83' lang='lat' dir='ltr'>qum</span> <span class='ocrx_word' id='word_1_50' title='bbox 953 1069 1000 1143; x_wconf 90' lang='lat' dir='ltr'>de</span> <span class='ocrx_word' id='word_1_51' title='bbox 1024 1067 1096 1142; x_wconf 87' lang='lat' dir='ltr'>illia</span> <span class='ocrx_word' id='word_1_52' title='bbox 1120 1067 1323 1154; x_wconf 87' lang='lat' dir='ltr'>dictasunt,</span> 
     </span>
     <span class='ocr_line' id='line_1_8' title="bbox 78 1173 1324 1280; baseline -0.001 -27"><span class='ocrx_word' id='word_1_53' title='bbox 78 1185 105 1216; x_wconf 75' lang='lat'>⁰⁸</span> <span class='ocrx_word' id='word_1_54' title='bbox 119 1173 228 1216; x_wconf 49' lang='grc' dir='ltr'>ΜΨ·</span> <span class='ocrx_word' id='word_1_55' title='bbox 291 1179 437 1254; x_wconf 90' lang='lat' dir='ltr'>videtur</span> <span class='ocrx_word' id='word_1_56' title='bbox 450 1180 621 1255; x_wconf 88' lang='lat' dir='ltr'>concludi</span> <span class='ocrx_word' id='word_1_57' title='bbox 636 1205 755 1280; x_wconf 90' lang='lat' dir='ltr'>posse,</span> <span class='ocrx_word' id='word_1_58' title='bbox 770 1207 853 1279; x_wconf 90' lang='lat' dir='ltr'>quae</span> <span class='ocrx_word' id='word_1_59' title='bbox 870 1181 1105 1256; x_wconf 80' lang='lat' dir='ltr'>haereditarie</span> <span class='ocrx_word' id='word_1_60' title='bbox 1118 1194 1187 1270; x_wconf 90' lang='lat' dir='ltr'>est,</span> <span class='ocrx_word' id='word_1_61' title='bbox 1199 1191 1236 1254; x_wconf 91' lang='lat' dir='ltr'>et</span> <span class='ocrx_word' id='word_1_62' title='bbox 1252 1201 1324 1276; x_wconf 82' lang='lat' dir='ltr'>qua</span> 
     </span>
     <span class='ocr_line' id='line_1_9' title="bbox 291 1291 1325 1392; baseline -0.002 -26"><span class='ocrx_word' id='word_1_63' title='bbox 291 1304 468 1368; x_wconf 93' lang='lat' dir='ltr'>contenta</span> <span class='ocrx_word' id='word_1_64' title='bbox 485 1295 766 1392; x_wconf 81' lang='lat' dir='ltr'>magistratuum</span> <span class='ocrx_word' id='word_1_65' title='bbox 784 1295 975 1386; x_wconf 85' lang='lat' dir='ltr'>electione,</span> <span class='ocrx_word' id='word_1_66' title='bbox 994 1293 1273 1370; x_wconf 83' lang='lat' dir='ltr'>deliberationes</span> <span class='ocrx_word' id='word_1_67' title='bbox 1285 1291 1325 1364; x_wconf 89' lang='lat' dir='ltr'>ad</span> 
     </span>
     <span class='ocr_line' id='line_1_10' title="bbox 290 1406 1326 1506; baseline -0.004 -26"><span class='ocrx_word' id='word_1_68' title='bbox 290 1431 428 1504; x_wconf 90' lang='lat' dir='ltr'>paucos</span> <span class='ocrx_word' id='word_1_69' title='bbox 441 1419 479 1482; x_wconf 90' lang='lat' dir='ltr'>et</span> <span class='ocrx_word' id='word_1_70' title='bbox 491 1408 649 1482; x_wconf 91' lang='lat' dir='ltr'>maxime</span> <span class='ocrx_word' id='word_1_71' title='bbox 663 1409 815 1484; x_wconf 90' lang='lat' dir='ltr'>idoneos</span> <span class='ocrx_word' id='word_1_72' title='bbox 825 1409 1056 1498; x_wconf 87' lang='lat' dir='ltr'>transmittit,</span> <span class='ocrx_word' id='word_1_73' title='bbox 1070 1419 1109 1482; x_wconf 90' lang='lat' dir='ltr'>et</span> <span class='ocrx_word' id='word_1_74' title='bbox 1122 1406 1326 1506; x_wconf 87' lang='lat' dir='ltr'>simpliciter</span> 
     </span>
     <span class='ocr_line' id='line_1_11' title="bbox 292 1519 1325 1622; baseline -0.005 -26"><span class='ocrx_word' id='word_1_75' title='bbox 292 1545 374 1619; x_wconf 83' lang='lat' dir='ltr'>quae</span> <span class='ocrx_word' id='word_1_76' title='bbox 385 1521 669 1596; x_wconf 84' lang='lat' dir='ltr'>awaarclraram</span> <span class='ocrx_word' id='word_1_77' title='bbox 678 1523 843 1620; x_wconf 83' lang='lat' dir='ltr'>regimen</span> <span class='ocrx_word' id='word_1_78' title='bbox 854 1523 1024 1612; x_wconf 87' lang='lat' dir='ltr'>maxime,</span> <span class='ocrx_word' id='word_1_79' title='bbox 1037 1521 1177 1622; x_wconf 64' lang='lat' dir='ltr'>popae·</span> <span class='ocrx_word' id='word_1_80' title='bbox 1189 1519 1325 1596; x_wconf 89' lang='lat' dir='ltr'>minime</span> 
     </span>
     <span class='ocr_line' id='line_1_12' title="bbox 292 1631 1327 1734; baseline -0.005 -25"><span class='ocrx_word' id='word_1_81' title='bbox 292 1635 470 1725; x_wconf 89' lang='lat' dir='ltr'>imitatur,</span> <span class='ocrx_word' id='word_1_82' title='bbox 488 1661 570 1709; x_wconf 88' lang='lat' dir='ltr'>eam</span> <span class='ocrx_word' id='word_1_83' title='bbox 587 1634 725 1709; x_wconf 87' lang='lat' dir='ltr'>civibus</span> <span class='ocrx_word' id='word_1_84' title='bbox 743 1635 897 1734; x_wconf 80' lang='lat' dir='ltr'>singulis</span> <span class='ocrx_word' id='word_1_85' title='bbox 914 1645 952 1709; x_wconf 93' lang='lat' dir='ltr'>et</span> <span class='ocrx_word' id='word_1_86' title='bbox 976 1635 1167 1709; x_wconf 89' lang='lat' dir='ltr'>meliorem</span> <span class='ocrx_word' id='word_1_87' title='bbox 1196 1631 1327 1708; x_wconf 74' lang='lat' dir='ltr'>seara</span> 
     </span>
    </p>
   </div>
   <div class='ocr_carea' id='block_1_5' title="bbox 293 1749 723 1824">
    <p class='ocr_par' dir='ltr' id='par_1_7' title="bbox 293 1749 723 1824">
     <span class='ocr_line' id='line_1_13' title="bbox 293 1749 723 1824; baseline 0.002 -1"><span class='ocrx_word' id='word_1_88' title='bbox 293 1759 330 1823; x_wconf 88' lang='lat' dir='ltr'>ct</span> <span class='ocrx_word' id='word_1_89' title='bbox 348 1749 614 1824; x_wconf 86' lang='lat' dir='ltr'>diuturniorem</span> <span class='ocrx_word' id='word_1_90' title='bbox 633 1773 723 1824; x_wconf 90' lang='lat' dir='ltr'>esse.</span> 
     </span>
    </p>
   </div>
   <div class='ocr_carea' id='block_1_6' title="bbox 702 2101 950 2178">
    <p class='ocr_par' dir='ltr' id='par_1_8' title="bbox 702 2101 950 2178">
     <span class='ocr_line' id='line_1_14' title="bbox 702 2101 950 2178; baseline -0.004 -2"><span class='ocrx_word' id='word_1_91' title='bbox 702 2101 864 2178; x_wconf 81' lang='lat' dir='ltr'><strong>CAPUT</strong></span> <span class='ocrx_word' id='word_1_92' title='bbox 882 2101 950 2176; x_wconf 92' lang='lat' dir='ltr'>XI.</span> 
     </span>
    </p>
   </div>
   <div class='ocr_carea' id='block_1_7' title="bbox 309 2249 1330 2408">
    <p class='ocr_par' dir='ltr' id='par_1_9' title="bbox 309 2249 1330 2408">
     <span class='ocr_line' id='line_1_15' title="bbox 309 2249 1330 2314; baseline 0 -15"><span class='ocrx_word' id='word_1_93' title='bbox 309 2249 398 2300; x_wconf 79' lang='lat' dir='ltr'><strong>LOCA</strong></span> <span class='ocrx_word' id='word_1_94' title='bbox 417 2251 462 2300; x_wconf 81' lang='lat' dir='ltr'>ET</span> <span class='ocrx_word' id='word_1_95' title='bbox 481 2251 650 2301; x_wconf 69' lang='lat' dir='ltr'>exempta</span> <span class='ocrx_word' id='word_1_96' title='bbox 669 2251 875 2302; x_wconf 65' lang='lat' dir='ltr'>SCRIPTURAE</span> <span class='ocrx_word' id='word_1_97' title='bbox 894 2251 1016 2302; x_wconf 79' lang='lat' dir='ltr'>SACRAE</span> <span class='ocrx_word' id='word_1_98' title='bbox 1036 2251 1082 2302; x_wconf 80' lang='lat' dir='ltr'>Da</span> <span class='ocrx_word' id='word_1_99' title='bbox 1100 2249 1194 2300; x_wconf 65' lang='grc' dir='ltr'>,ΜΕ</span> <span class='ocrx_word' id='word_1_100' title='bbox 1216 2249 1330 2314; x_wconf 74' lang='lat' dir='ltr'>REGNl,</span> 
     </span>
     <span class='ocr_line' id='line_1_16' title="bbox 459 2351 1165 2408; baseline -0.008 0"><span class='ocrx_word' id='word_1_101' title='bbox 459 2351 540 2408; x_wconf 82' lang='lat' dir='ltr'>QUAE</span> <span class='ocrx_word' id='word_1_102' title='bbox 558 2351 719 2402; x_wconf 72' lang='lat' dir='ltr'>SECUNDA</span> <span class='ocrx_word' id='word_1_103' title='bbox 737 2351 924 2404; x_wconf 79' lang='lat' dir='ltr'>VlDENTUR</span> <span class='ocrx_word' id='word_1_104' title='bbox 941 2351 1165 2403; x_wconf 77' lang='lat' dir='ltr'><strong>ANTEDIC&#39;NS.</strong></span> 
     </span>
    </p>
   </div>
   <div class='ocr_carea' id='block_1_8' title="bbox 295 2451 1336 3081">
    <p class='ocr_par' dir='ltr' id='par_1_10' title="bbox 295 2451 1336 3081">
     <span class='ocr_line' id='line_1_17' title="bbox 295 2451 1331 2530; baseline -0.005 -18"><span class='ocrx_word' id='word_1_105' title='bbox 295 2455 319 2512; x_wconf 87' lang='lat' dir='ltr'>l.</span> <span class='ocrx_word' id='word_1_106' title='bbox 341 2451 459 2510; x_wconf 87' lang='lat' dir='ltr'>initium</span> <span class='ocrx_word' id='word_1_107' title='bbox 473 2453 596 2511; x_wconf 86' lang='lat' dir='ltr'>civitatis</span> <span class='ocrx_word' id='word_1_108' title='bbox 609 2453 784 2524; x_wconf 72' lang='lat' dir='ltr'>institutive,</span> <span class='ocrx_word' id='word_1_109' title='bbox 799 2473 817 2513; x_wconf 89' lang='lat' dir='ltr'>a</span> <span class='ocrx_word' id='word_1_110' title='bbox 830 2471 970 2512; x_wconf 84' lang='lat' dir='ltr'>consensu</span> <span class='ocrx_word' id='word_1_111' title='bbox 984 2451 1093 2530; x_wconf 91' lang='lat' dir='ltr'>populi.</span> <span class='ocrx_word' id='word_1_112' title='bbox 1132 2455 1162 2512; x_wconf 68' lang='lat'>2.</span> <span class='ocrx_word' id='word_1_113' title='bbox 1181 2451 1296 2512; x_wconf 78' lang='lat' dir='ltr'>dudleia</span> <span class='ocrx_word' id='word_1_114' title='bbox 1307 2461 1331 2508; x_wconf 87' lang='lat' dir='ltr'>et</span> 
     </span>
     <span class='ocr_line' id='line_1_18' title="bbox 332 2543 1333 2622; baseline -0.002 -18"><span class='ocrx_word' id='word_1_115' title='bbox 332 2543 407 2604; x_wconf 87' lang='lat' dir='ltr'>bella</span> <span class='ocrx_word' id='word_1_116' title='bbox 425 2545 587 2621; x_wconf 81' lang='lat' dir='ltr'>dependere</span> <span class='ocrx_word' id='word_1_117' title='bbox 600 2545 638 2604; x_wconf 88' lang='lat' dir='ltr'>ab</span> <span class='ocrx_word' id='word_1_118' title='bbox 651 2545 770 2604; x_wconf 89' lang='lat' dir='ltr'>arbitrio</span> <span class='ocrx_word' id='word_1_119' title='bbox 784 2547 985 2622; x_wconf 84' lang='lat' dir='ltr'>imperantium</span> <span class='ocrx_word' id='word_1_120' title='bbox 996 2563 1183 2604; x_wconf 85' lang='lat' dir='ltr'>summorum.</span> <span class='ocrx_word' id='word_1_121' title='bbox 1224 2549 1253 2605; x_wconf 81' lang='grc'>3.</span> <span class='ocrx_word' id='word_1_122' title='bbox 1273 2543 1333 2610; x_wconf 85' lang='lat' dir='ltr'>Eos,</span> 
     </span>
     <span class='ocr_line' id='line_1_19' title="bbox 332 2635 1334 2715; baseline -0.003 -21"><span class='ocrx_word' id='word_1_123' title='bbox 332 2637 382 2714; x_wconf 84' lang='lat' dir='ltr'>qui</span> <span class='ocrx_word' id='word_1_124' title='bbox 394 2655 537 2696; x_wconf 86' lang='lat' dir='ltr'>summum</span> <span class='ocrx_word' id='word_1_125' title='bbox 551 2637 702 2713; x_wconf 87' lang='lat' dir='ltr'>imperium</span> <span class='ocrx_word' id='word_1_126' title='bbox 712 2636 897 2715; x_wconf 73' lang='lat' dir='ltr'>habentjure</span> <span class='ocrx_word' id='word_1_127' title='bbox 908 2635 1003 2714; x_wconf 90' lang='lat' dir='ltr'>puniri</span> <span class='ocrx_word' id='word_1_128' title='bbox 1017 2654 1074 2695; x_wconf 89' lang='lat' dir='ltr'>non</span> <span class='ocrx_word' id='word_1_129' title='bbox 1089 2655 1183 2714; x_wconf 82' lang='lat' dir='ltr'>posse.</span> <span class='ocrx_word' id='word_1_130' title='bbox 1222 2641 1253 2696; x_wconf 77' lang='lat'>4.</span> <span class='ocrx_word' id='word_1_131' title='bbox 1273 2635 1334 2696; x_wconf 86' lang='lat' dir='ltr'>Sine</span> 
     </span>
     <span class='ocr_line' id='line_1_20' title="bbox 333 2727 1336 2805; baseline -0.002 -17"><span class='ocrx_word' id='word_1_132' title='bbox 333 2747 445 2788; x_wconf 84' lang='lat' dir='ltr'>summo</span> <span class='ocrx_word' id='word_1_133' title='bbox 459 2729 579 2805; x_wconf 90' lang='lat' dir='ltr'>imperio</span> <span class='ocrx_word' id='word_1_134' title='bbox 592 2746 650 2787; x_wconf 90' lang='lat' dir='ltr'>non</span> <span class='ocrx_word' id='word_1_135' title='bbox 664 2747 726 2788; x_wconf 85' lang='lat' dir='ltr'>esse</span> <span class='ocrx_word' id='word_1_136' title='bbox 739 2729 893 2798; x_wconf 87' lang='lat' dir='ltr'>civitatem,</span> <span class='ocrx_word' id='word_1_137' title='bbox 909 2729 959 2787; x_wconf 85' lang='lat' dir='ltr'>sed</span> <span class='ocrx_word' id='word_1_138' title='bbox 973 2729 1147 2787; x_wconf 88' lang='lat' dir='ltr'>anarchiam.</span> <span class='ocrx_word' id='word_1_139' title='bbox 1187 2731 1216 2788; x_wconf 83' lang='grc'>5.</span> <span class='ocrx_word' id='word_1_140' title='bbox 1239 2727 1336 2788; x_wconf 80' lang='lat' dir='ltr'>Servos</span> 
     </span>
     <span class='ocr_line' id='line_1_21' title="bbox 334 2819 1334 2898; baseline -0.002 -18"><span class='ocrx_word' id='word_1_141' title='bbox 334 2829 363 2880; x_wconf 90' lang='lat' dir='ltr'>et</span> <span class='ocrx_word' id='word_1_142' title='bbox 376 2823 450 2880; x_wconf 82' lang='lat' dir='ltr'>lilios</span> <span class='ocrx_word' id='word_1_143' title='bbox 473 2823 578 2880; x_wconf 89' lang='lat' dir='ltr'>debere</span> <span class='ocrx_word' id='word_1_144' title='bbox 592 2822 715 2880; x_wconf 88' lang='lat' dir='ltr'>dominis</span> <span class='ocrx_word' id='word_1_145' title='bbox 729 2828 758 2880; x_wconf 89' lang='lat' dir='ltr'>et</span> <span class='ocrx_word' id='word_1_146' title='bbox 777 2821 944 2898; x_wconf 84' lang='lat' dir='ltr'>parentibus</span> <span class='ocrx_word' id='word_1_147' title='bbox 965 2819 1122 2898; x_wconf 72' lang='lat' dir='ltr'>simplicem</span> <span class='ocrx_word' id='word_1_148' title='bbox 1138 2819 1334 2880; x_wconf 82' lang='lat' dir='ltr'>obedientiam</span> 
     </span>
     <span class='ocr_line' id='line_1_22' title="bbox 334 2911 1335 2990; baseline -0.006 -16"><span class='ocrx_word' id='word_1_149' title='bbox 334 2919 363 2974; x_wconf 90' lang='grc'>6.</span> <span class='ocrx_word' id='word_1_150' title='bbox 385 2913 560 2973; x_wconf 72' lang='lat' dir='ltr'>Absolutum</span> <span class='ocrx_word' id='word_1_151' title='bbox 571 2913 722 2990; x_wconf 87' lang='lat' dir='ltr'>imperium</span> <span class='ocrx_word' id='word_1_152' title='bbox 736 2911 954 2972; x_wconf 83' lang='lat' dir='ltr'>evidentissimis</span> <span class='ocrx_word' id='word_1_153' title='bbox 963 2919 1022 2971; x_wconf 83' lang='lat' dir='ltr'>tam</span> <span class='ocrx_word' id='word_1_154' title='bbox 1034 2911 1110 2971; x_wconf 81' lang='lat' dir='ltr'>Novi</span> <span class='ocrx_word' id='word_1_155' title='bbox 1124 2931 1213 2990; x_wconf 88' lang='lat' dir='ltr'>qaam</span> <span class='ocrx_word' id='word_1_156' title='bbox 1228 2911 1335 2972; x_wconf 69' lang='lat' dir='ltr'>Veteris</span> 
     </span>
     <span class='ocr_line' id='line_1_23' title="bbox 336 3003 838 3081; baseline 0 -19"><span class='ocrx_word' id='word_1_157' title='bbox 336 3005 512 3064; x_wconf 75' lang='lat' dir='ltr'>Testamenti</span> <span class='ocrx_word' id='word_1_158' title='bbox 526 3005 596 3064; x_wconf 85' lang='lat' dir='ltr'>locis</span> <span class='ocrx_word' id='word_1_159' title='bbox 610 3003 838 3081; x_wconf 85' lang='lat' dir='ltr'>comprobatum.</span> 
     </span>
    </p>
   </div>
   <div class='ocr_carea' id='block_1_9' title="bbox 83 3107 1342 4232">
    <p class='ocr_par' dir='ltr' id='par_1_11' title="bbox 83 3107 1342 4232">
     <span class='ocr_line' id='line_1_24' title="bbox 85 3107 1337 3212; baseline -0.002 -27"><span class='ocrx_word' id='word_1_160' title='bbox 85 3133 177 3212; x_wconf 64' lang='lat' dir='ltr'>maan</span> <span class='ocrx_word' id='word_1_161' title='bbox 191 3131 284 3176; x_wconf 69' lang='lat' dir='ltr'>aviac·</span> <span class='ocrx_word' id='word_1_162' title='bbox 303 3119 332 3184; x_wconf 87' lang='lat'>1.</span> <span class='ocrx_word' id='word_1_163' title='bbox 353 3109 530 3186; x_wconf 79' lang='lat' dir='ltr'>Iurrrum</span> <span class='ocrx_word' id='word_1_164' title='bbox 543 3109 704 3185; x_wconf 84' lang='lat' dir='ltr'>civitatis</span> <span class='ocrx_word' id='word_1_165' title='bbox 717 3109 932 3184; x_wconf 77' lang='lat' dir='ltr'>institutive</span> <span class='ocrx_word' id='word_1_166' title='bbox 943 3109 1019 3184; x_wconf 92' lang='lat' dir='ltr'>sive</span> <span class='ocrx_word' id='word_1_167' title='bbox 1030 3107 1337 3208; x_wconf 87' lang='lat' dir='ltr'>politicae,capitis</span> 
     </span>
     <span class='ocr_line' id='line_1_25' title="bbox 83 3197 1337 3320; baseline -0.01 -12"><span class='ocrx_word' id='word_1_168' title='bbox 83 3197 284 3320; x_wconf 58' lang='lat' dir='ltr'>ll&#39;allldl‘lolm</span> <span class='ocrx_word' id='word_1_169' title='bbox 298 3225 392 3298; x_wconf 87' lang='lat' dir='ltr'>sexti</span> <span class='ocrx_word' id='word_1_170' title='bbox 426 3223 580 3298; x_wconf 90' lang='lat' dir='ltr'>articulo</span> <span class='ocrx_word' id='word_1_171' title='bbox 616 3223 840 3314; x_wconf 68' lang='lat' dir='ltr'>secandae</span> <span class='ocrx_word' id='word_1_172' title='bbox 874 3246 1055 3297; x_wconf 88' lang='lat' dir='ltr'>consensu</span> <span class='ocrx_word' id='word_1_173' title='bbox 1092 3221 1337 3297; x_wconf 88' lang='lat' dir='ltr'>multitudinis</span> 
     </span>
     <span class='ocr_line' id='line_1_26' title="bbox 297 3336 1338 3434; baseline -0.002 -23"><span class='ocrx_word' id='word_1_174' title='bbox 297 3337 350 3411; x_wconf 91' lang='lat' dir='ltr'>ita</span> <span class='ocrx_word' id='word_1_175' title='bbox 389 3336 644 3428; x_wconf 86' lang='lat' dir='ltr'>derivavimus,</span> <span class='ocrx_word' id='word_1_176' title='bbox 687 3349 730 3413; x_wconf 89' lang='lat' dir='ltr'>ut</span> <span class='ocrx_word' id='word_1_177' title='bbox 770 3361 897 3411; x_wconf 88' lang='lat' dir='ltr'>omnes</span> <span class='ocrx_word' id='word_1_178' title='bbox 938 3337 1145 3412; x_wconf 91' lang='lat' dir='ltr'>consentire</span> <span class='ocrx_word' id='word_1_179' title='bbox 1180 3337 1240 3410; x_wconf 89' lang='lat' dir='ltr'>vel</span> <span class='ocrx_word' id='word_1_180' title='bbox 1273 3359 1338 3434; x_wconf 90' lang='lat' dir='ltr'>pro</span> 
     </span>
     <span class='ocr_line' id='line_1_27' title="bbox 297 3449 1339 3548; baseline -0.003 -24"><span class='ocrx_word' id='word_1_181' title='bbox 297 3450 465 3526; x_wconf 85' lang='lat' dir='ltr'>hostibus</span> <span class='ocrx_word' id='word_1_182' title='bbox 499 3451 640 3525; x_wconf 88' lang='lat' dir='ltr'>censeri</span> <span class='ocrx_word' id='word_1_183' title='bbox 685 3461 855 3548; x_wconf 89' lang='lat' dir='ltr'>oportere</span> <span class='ocrx_word' id='word_1_184' title='bbox 889 3459 1077 3547; x_wconf 88' lang='lat' dir='ltr'>appareat.</span> <span class='ocrx_word' id='word_1_185' title='bbox 1146 3449 1236 3524; x_wconf 88' lang='lat' dir='ltr'>Tale</span> <span class='ocrx_word' id='word_1_186' title='bbox 1271 3449 1339 3524; x_wconf 86' lang='lat' dir='ltr'>fuit</span> 
     </span>
     <span class='ocr_line' id='line_1_28' title="bbox 297 3563 1340 3662; baseline -0.005 -23"><span class='ocrx_word' id='word_1_187' title='bbox 297 3564 444 3640; x_wconf 91' lang='lat' dir='ltr'>initium</span> <span class='ocrx_word' id='word_1_188' title='bbox 470 3565 576 3662; x_wconf 84' lang='lat' dir='ltr'>regni</span> <span class='ocrx_word' id='word_1_189' title='bbox 610 3564 678 3639; x_wconf 92' lang='lat' dir='ltr'>Dei</span> <span class='ocrx_word' id='word_1_190' title='bbox 713 3587 822 3661; x_wconf 90' lang='lat' dir='ltr'>super</span> <span class='ocrx_word' id='word_1_191' title='bbox 851 3563 1001 3638; x_wconf 87' lang='lat' dir='ltr'>Judacos</span> <span class='ocrx_word' id='word_1_192' title='bbox 1031 3563 1242 3639; x_wconf 89' lang='lat' dir='ltr'>institutam</span> <span class='ocrx_word' id='word_1_193' title='bbox 1278 3585 1340 3662; x_wconf 89' lang='lat' dir='ltr'>per</span> 
     </span>
     <span class='ocr_line' id='line_1_29' title="bbox 299 3675 1340 3778; baseline -0.005 -24"><span class='ocrx_word' id='word_1_194' title='bbox 299 3681 456 3778; x_wconf 85' lang='lat' dir='ltr'>Moysen</span> <span class='ocrx_word' id='word_1_195' title='bbox 493 3678 624 3772; x_wconf 84' lang='lat' dir='ltr'>(Exod.</span> <span class='ocrx_word' id='word_1_196' title='bbox 642 3676 716 3752; x_wconf 87' lang='lat' dir='ltr'>xix.</span> <span class='ocrx_word' id='word_1_197' title='bbox 740 3677 846 3771; x_wconf 79' lang='lat'>5-8):</span> <span class='ocrx_word' id='word_1_198' title='bbox 892 3677 937 3751; x_wconf 77' lang='lat' dir='ltr'>St</span> <span class='ocrx_word' id='word_1_199' title='bbox 973 3675 1180 3750; x_wconf 72' lang='lat' dir='ltr'>audieritis</span> <span class='ocrx_word' id='word_1_200' title='bbox 1219 3703 1340 3750; x_wconf 83' lang='lat' dir='ltr'>accam</span> 
     </span>
     <span class='ocr_line' id='line_1_30' title="bbox 299 3789 1340 3890; baseline -0.003 -23"><span class='ocrx_word' id='word_1_201' title='bbox 299 3818 425 3883; x_wconf 75' lang='lat' dir='ltr'>mam,</span> <span class='ocrx_word' id='word_1_202' title='bbox 462 3789 669 3866; x_wconf 68' lang='lat' dir='ltr'>eremitis</span> <span class='ocrx_word' id='word_1_203' title='bbox 706 3791 796 3864; x_wconf 78' lang='lat' dir='ltr'>milri</span> <span class='ocrx_word' id='word_1_204' title='bbox 832 3791 871 3864; x_wconf 84' lang='lat' dir='ltr'>a&#39;a</span> <span class='ocrx_word' id='word_1_205' title='bbox 899 3815 1055 3890; x_wconf 79' lang='lat' dir='ltr'>regnam</span> <span class='ocrx_word' id='word_1_206' title='bbox 1088 3789 1340 3880; x_wconf 78' lang='lat' dir='ltr'>sacerdotale,</span> 
     </span>
     <span class='ocr_line' id='line_1_31' title="bbox 299 3903 1341 4003; baseline -0.006 -21"><span class='ocrx_word' id='word_1_207' title='bbox 299 3918 370 3982; x_wconf 83' lang='lat' dir='ltr'>etc.</span> <span class='ocrx_word' id='word_1_208' title='bbox 399 3905 507 3981; x_wconf 82' lang='lat' dir='ltr'>Venit</span> <span class='ocrx_word' id='word_1_209' title='bbox 530 3905 698 4003; x_wconf 75' lang='lat' dir='ltr'>Moyses,</span> <span class='ocrx_word' id='word_1_210' title='bbox 719 3914 759 3978; x_wconf 85' lang='lat' dir='ltr'>ct</span> <span class='ocrx_word' id='word_1_211' title='bbox 780 3903 995 3979; x_wconf 80' lang='lat' dir='ltr'>convocatis</span> <span class='ocrx_word' id='word_1_212' title='bbox 1023 3903 1229 4002; x_wconf 80' lang='lat' dir='ltr'>majoribus</span> <span class='ocrx_word' id='word_1_213' title='bbox 1252 3914 1341 3978; x_wconf 85' lang='lat' dir='ltr'>acta</span> 
     </span>
     <span class='ocr_line' id='line_1_32' title="bbox 293 4015 1342 4122; baseline -0.007 -27"><span class='ocrx_word' id='word_1_214' title='bbox 293 4020 445 4122; x_wconf 81' lang='lat' dir='ltr'>populi,</span> <span class='ocrx_word' id='word_1_215' title='bbox 469 4029 540 4094; x_wconf 84' lang='lat' dir='ltr'>etc.</span> <span class='ocrx_word' id='word_1_216' title='bbox 575 4017 847 4118; x_wconf 78' lang='lat' dir='ltr'>responditque</span> <span class='ocrx_word' id='word_1_217' title='bbox 868 4017 985 4091; x_wconf 80' lang='lat' dir='ltr'>amaia</span> <span class='ocrx_word' id='word_1_218' title='bbox 1007 4015 1179 4117; x_wconf 82' lang='lat' dir='ltr'>populas</span> <span class='ocrx_word' id='word_1_219' title='bbox 1208 4015 1342 4090; x_wconf 79' lang='lat' dir='ltr'>simul:</span> 
     </span>
     <span class='ocr_line' id='line_1_33' title="bbox 301 4129 1341 4232; baseline -0.005 -25"><span class='ocrx_word' id='word_1_220' title='bbox 301 4143 450 4222; x_wconf 83' lang='lat' dir='ltr'>coacta,</span> <span class='ocrx_word' id='word_1_221' title='bbox 482 4157 563 4232; x_wconf 79' lang='lat' dir='ltr'>qua</span> <span class='ocrx_word' id='word_1_222' title='bbox 603 4131 778 4230; x_wconf 80' lang='lat' dir='ltr'>loquatur</span> <span class='ocrx_word' id='word_1_223' title='bbox 815 4140 874 4204; x_wconf 84' lang='lat' dir='ltr'>eat</span> <span class='ocrx_word' id='word_1_224' title='bbox 915 4129 1109 4222; x_wconf 79' lang='lat' dir='ltr'>Dominae,</span> <span class='ocrx_word' id='word_1_225' title='bbox 1133 4131 1341 4228; x_wconf 73' lang='lat' dir='ltr'>faciemus.</span> 
     </span>
    </p>
   </div>
   <div class='ocr_carea' id='block_1_10' title="bbox 300 4242 1343 4344">
    <p class='ocr_par' dir='ltr' id='par_1_12' title="bbox 300 4242 1343 4344">
     <span class='ocr_line' id='line_1_34' title="bbox 300 4242 1343 4344; baseline -0.004 -24"><span class='ocrx_word' id='word_1_226' title='bbox 300 4247 388 4322; x_wconf 85' lang='lat' dir='ltr'>Tale</span> <span class='ocrx_word' id='word_1_227' title='bbox 406 4269 552 4344; x_wconf 88' lang='lat' dir='ltr'>qnoque</span> <span class='ocrx_word' id='word_1_228' title='bbox 563 4245 633 4320; x_wconf 83' lang='lat' dir='ltr'>fuit</span> <span class='ocrx_word' id='word_1_229' title='bbox 644 4242 994 4342; x_wconf 89' lang='lat' dir='ltr'>initiumpotestatis</span> <span class='ocrx_word' id='word_1_230' title='bbox 1009 4243 1150 4341; x_wconf 80' lang='lat' dir='ltr'>Moysis</span> <span class='ocrx_word' id='word_1_231' title='bbox 1164 4243 1232 4318; x_wconf 88' lang='lat' dir='ltr'>sub</span> <span class='ocrx_word' id='word_1_232' title='bbox 1251 4243 1343 4332; x_wconf 88' lang='lat' dir='ltr'>Deo,</span> 
     </span>
    </p>
   </div>
   <div class='ocr_carea' id='block_1_11' title="bbox 0 0 1455 4900">
    <p class='ocr_par' dir='ltr' id='par_1_13' title="bbox 0 0 1455 4900">
     <span class='ocr_line' id='line_1_35' title="bbox 0 0 1455 4900; baseline 0 0"><span class='ocrx_word' id='word_1_233' title='bbox 0 0 1455 4900; x_wconf 95' lang='lat' dir='ltr'> </span> 
     </span>
    </p>
   </div>
  </div>
 </body>
</html>
