2896 4914
373 247 375 254 ’
400 292 453 344 na
473 291 602 346 mnae
619 291 803 362 visuum,
820 292 908 346 nnc.
1150 273 1174 356 7

532 743 694 820 CAPUT
724 745 773 818 ll.

174 929 224 982 DE
244 928 375 980 ulmae
395 927 581 996 vlsunu,
601 929 652 984 ΕΤ
670 927 961 987 eunomium
980 929 1135 986 Morus.

132 1061 159 1116 l.
179 1055 436 1114 {noemma-a.
457 1054 548 1114 Linea
560 1057 676 1116 visualia
689 1075 822 1134 quaenem
834 1057 880 1126 sit,
892 1065 924 1116 ot
942 1075 1008 1134 quas
1021 1057 1088 1116 inde
1102 1077 1172 1118 oon·

170 1156 329 1224 sequuntur
348 1147 439 1206 oeulis
458 1148 702 1228 vulgaribus-8.
723 1147 803 1208 Vinio
825 1147 863 1208 ab
885 1149 1043 1226 exiguitate
1065 1148 1173 1230 ohjood

170 1239 367 1298 confusa-4.
388 1237 514 1298 Visionis
527 1239 998 1302 mulmioavioooeulomm-o.
1019 1241 1175 1308 Quomodo.

169 1333 198 1391 in
212 1333 321 1390 visione
336 1329 450 1408 objecta
463 1331 593 1410 longiora
607 1331 740 1390 videntur
753 1350 839 1410 quam
854 1335 998 1394 sune-6.
1019 1333 1173 1400 Quomodo

167 1425 196 1481 in
210 1425 321 1482 visione
334 1423 485 1480 videantur
498 1425 607 1482 moveri
621 1443 686 1502 quae
698 1442 755 1482 non
766 1433 924 1494 moventur,
935 1433 1053 1502 propter
1062 1435 1172 1486 motum

166 1513 367 1576 videntia—7.
387 1513 541 1579 Quomodo
562 1515 591 1572 in
612 1513 720 1576 visione
741 1515 849 1574 moveri
869 1513 1004 1574 videntur
1025 1535 1091 1594 quai
1114 1535 1171 1576 non

166 1615 328 1674 moventur,
346 1613 464 1682 propter
481 1607 667 1683 agitationem
686 1607 812 1683 partium
829 1605 950 1676 oembri,
970 1609 1051 1666 nervi
1073 1611 1171 1686 optioi,

166 1709 196 1759 et
209 1699 321 1758 retinae.

122 1805 245 1882 V1s1o
266 1803 451 1882 distinete
468 1813 506 1877 et
511 1805 694 1903 figurata
713 1817 781 1896 est,
795 1803 943 1903 quondo
961 1805 1098 1899 lumen,
1111 1807 1170 1882 vel
1207 1807 1305 1861 ΜΤ·
1320 1811 1362 1863 ¹¹·

123 1920 226 1994 color
242 1919 402 2015 figuram
423 1918 548 2008 habet,
573 1921 678 2017 cujus
703 1931 826 2016 portes
852 1920 898 1994 ab
925 1919 1061 2016 objecti
1086 1945 1172 2018 pnr-
1210 1887 1352 1992 ω-ἶ-ι

122 2034 223 2108 tibus
245 2031 466 2120 efficiuntur,
487 2041 525 2108 et
547 2031 677 2108 iisdem
698 2033 896 2111 ordinatim
917 2033 1072 2130 singule
1095 2033 1170 2110 sin-
1207 2025 1345 2072 hm*

122 2148 220 2246 gulis
237 2145 476 2242 respondent.

175 2261 320 2336 Lumen
337 2269 460 2337 autem
483 2269 522 2334 et
543 2258 647 2336 aolor
666 2259 721 2334 ite
743 2259 921 2356 figmatus
939 2259 1065 2358 imago
1083 2257 1171 2338 dioi-

122 2385 197 2448 tur.
251 2371 397 2446 Netum
421 2381 546 2449 autem
570 2370 722 2451 insitum
746 2383 801 2450 est
826 2371 926 2451 omui
951 2371 1111 2463 animali,
1128 2383 1171 2450 ut

122 2487 244 2584 primo
262 2485 401 2560 intuitu
417 2485 615 2582 imaginem
628 2483 729 2558 illam
742 2483 859 2581 ipsam
872 2507 951 2562 mm
963 2484 1077 2563 visam
1090 2509 1170 2564 esse

122 2609 269 2698 putent,
287 2596 347 2672 vel
364 2596 496 2672 saltem
515 2595 665 2694 aliquod
690 2621 823 2694 eorpus
840 2597 941 2695 quod
957 2599 1074 2698 ipsam
1090 2621 1169 2676 rom

123 2714 235 2790 simili
253 2712 329 2789 situ
344 2709 506 2808 portium
530 2721 660 2786 exacte
683 2710 832 2788 referet.
885 2711 964 2786 lmo
989 2710 1167 2802 homines,

123 2827 156 2902 si
171 2825 280 2902 valde
300 2847 451 2922 paucos,
474 2823 538 2922 qui
559 2823 700 2920 judicia
720 2847 893 2900 sensuum
918 2825 1061 2905 rationo
1086 2847 1169 2907 cor·

120 2949 312 3028 rexemmt,
330 2937 503 3034 excipias,
521 2937 717 3034 imaginem
736 2937 836 3012 illam
853 2947 987 3034 putant
1004 2957 1084 3026 osso
1101 2939 1168 3014 ob-

114 3055 262 3150 jectum
279 3053 413 3152 ipsum,
430 3073 500 3128 neo
517 3051 596 3128 sine
615 3050 807 3147 disciplina
822 3052 862 3134 iu
878 3052 1042 3128 animum
1059 3052 1166 3129 indu-

119 3191 206 3242 cere
223 3175 381 3266 possunt
400 3165 514 3240 solem
534 3175 572 3242 et
594 3173 695 3242 astra
715 3165 855 3262 majora
871 3187 951 3240 esse
967 3175 1032 3242 eut
1047 3185 1168 3247 remo·

117 3281 219 3356 tiora
235 3303 349 3378 quam
365 3277 550 3352 videntur.

175 3406 301 3482 Quare
310 3413 435 3477 autem
447 3401 633 3498 objectum
645 3399 756 3480 modo
768 3402 898 3498 majus,
911 3399 1021 3476 modo
1035 3399 1167 3492 minos,

114 3517 235 3594 modo
251 3515 414 3614 propius,
432 3513 543 3588 modo
560 3513 806 3610 longinquius,
825 3513 935 3588 modo
952 3537 1038 3603 una,
1055 3513 1167 3588 modo

112 3629 718 3727 aliafigmaappareequanuam
728 3626 1167 3704 multidemonstrareoo-

112 3743 204 3820 nati
216 3740 505 3830 sunt,enemine
516 3749 653 3828 tamen,
665 3740 766 3836 quod
776 3741 865 3830 seio,
876 3740 1167 3816 demonstratum

110 3865 194 3931 est.
237 3853 351 3932 Quod
376 3865 500 3928 tamen
530 3852 681 3927 minime
710 3851 834 3942 miror,
862 3854 949 3950 quin
976 3854 1099 3928 lumen
1129 3864 1167 3930 et

108 3967 286 4046 colorem
308 3992 384 4041 non
407 3965 639 4063 objectorum
659 3965 875 4056 accidentia,
888 3966 967 4040 'sed
990 3965 1167 4062 phantas-

107 4091 227 4156 mata
257 4092 386 4154 nostra
414 4103 505 4168 esse,
535 4101 583 4152 ne
611 4077 788 4174 suspicari
815 4077 964 4175 quidem
991 4078 1164 4176 cuiquam

105 4194 290 4290 contigit.
345 4193 488 4289 Itaque,
506 4216 590 4267 oum
609 4191 654 4265 de
678 4191 761 4267 loeo
783 4191 952 4288 imaginis
970 4191 1061 4266 nihil
1078 4191 1166 4270 hae-
