2904 4916
91 487 189 542 SECT·
202 488 254 542 111.

157 567 196 616 lte

101 635 246 676 »Ὑ-..ν

77 708 197 761 Quomodo

77 773 167 820 didam
177 776 265 834 aptota

290 269 363 340 814
695 279 928 338 ruannruu.

287 479 312 532 a
327 461 509 532 consensu
524 454 728 548 hominum,
741 476 862 554 neque
878 455 993 530 etium
1004 451 1219 530 normales.
1247 451 1347 532 uum

288 570 321 646 si
336 594 360 645 a
376 593 558 646 consensu
584 569 777 644 hominum
800 568 980 668 originem
1007 569 1202 660 haberent,
1230 570 1347 645 etiam

289 684 489 760 eorundem
506 707 688 761 consensu
710 684 882 782 abrogari
906 693 1081 783 possaut3
1110 693 1198 758 sunt
1214 695 1347 760 autem

288 798 547 874 immutabiles.
599 796 730 894 Neque
746 819 835 872 vero
853 808 911 872 est
927 819 972 872 ea
989 795 1157 874 definitio
1174 793 1347 896 legitima

289 913 391 1013 legis
404 911 539 988 civilis.
592 910 730 986 Civitas
747 911 847 985 euim
864 935 909 986 eo
925 912 1009 986 loeo
1027 909 1186 986 sumitur
1201 911 1264 986 vel
1275 935 1347 1011 pro

288 1051 364 1101 una
379 1047 538 1124 persona
560 1024 670 1116 civili,
696 1049 811 1102 unam
836 1025 997 1101 habente
1023 1026 1269 1116 voluntatem,
1286 1027 1348 1102 val

287 1165 356 1238 pro
378 1139 614 1216 multitudine
636 1141 840 1236 hominum,
865 1163 1024 1238 quorum
1048 1140 1252 1237 unicnique
1280 1163 1348 1216 sna

287 1255 460 1329 voluntas
490 1253 635 1352 privata
661 1254 778 1329 libere
804 1263 872 1330 est.
925 1253 965 1328 Si
986 1276 1055 1352 pro
1071 1275 1148 1328 una
1172 1277 1346 1354 persona,

290 1367 394 1459 illud,
413 1368 591 1442 communi
614 1391 806 1461 consensu,
834 1389 910 1443 uon
937 1377 1037 1442 recta
1066 1365 1243 1466 ponitnr;
1269 1389 1347 1444 uon

292 1481 391 1557 enim
423 1480 537 1556 babet
569 1503 645 1556 una
676 1501 837 1579 persona
864 1501 1078 1556 commum
1112 1502 1344 1558 amantum.

294 1595 427 1694 Neque
444 1594 641 1692 oportebat
665 1615 805 1693 ponere
832 1595 1007 1670 indicam
1024 1594 1115 1694 quid
1130 1595 1234 1671 facto
1252 1619 1346 1694 opus

288 1721 398 1800 esset,
416 1706 483 1783 sed
502 1706 653 1805 jubens.
704 1708 846 1784 Civitas
861 1709 962 1786 enim
979 1709 1122 1785 civibus
1139 1731 1226 1809 quoe
1251 1710 1346 1785 indi·

288 1833 350 1898 eat
366 1823 537 1920 imperat.
588 1821 776 1897 Intellexit
800 1843 890 1922 ergo
913 1823 1199 1921 passivitatem,
1218 1824 1344 1899 multi-

287 1937 458 2016 tudinem
468 1937 662 2013 hominum
679 1937 867 2012 communi
884 1957 1078 2029 consensu,
1093 1947 1187 2036 puta
1203 1935 1343 2036 soripto
1443 1959 1444 2010 ῑ

287 2053 471 2150 suffragiis
497 2047 920 2145 oonfirmato,iorm1das
934 2051 1083 2128 vivendi
1099 2051 1343 2128 iudicantem.

289 2167 363 2240 Hm
391 2176 516 2242 autam
540 2164 633 2240 nihil
659 2165 761 2241 aliud
786 2176 875 2244 stant
901 2175 1038 2264 proeter
1063 2176 1194 2242 mutua
1220 2177 1343 2265 pacta,

290 2303 374 2378 quoe
389 2303 466 2354 uon
478 2289 565 2354 aute
575 2301 798 2377 quemquam
810 2280 990 2378 obligant,
1004 2297 1126 2380 neque
1142 2281 1229 2356 ideo
1243 2281 1344 2379 leges

290 2404 389 2486 sunt,
416 2415 528 2490 quam
545 2391 747 2468 constituto
763 2390 918 2491 imperio
936 2413 1091 2486 summo,
1109 2393 1212 2492 quod
1227 2394 1345 2492 possit

290 2530 435 2606 cogere,
454 2515 604 2582 nautum
621 2507 657 2582 ei
683 2507 733 2581 sit
755 2527 845 2604 erga
874 2517 1040 2600 caeteros,
1068 2508 1132 2606 qui
1159 2507 1272 2584 aliter
1300 2531 1346 2586 ea

289 2621 521 2698 observaturi
548 2642 625 2695 non
654 2629 752 2694 sunt.
802 2617 931 2721 Leges
959 2613 1097 2720 itaque,
1114 2623 1225 2719 juxta
1252 2622 1344 2699 defi-
1394 2644 1398 2654 ’

289 2735 470 2812 uitionem
497 2735 595 2809 hano
620 2731 842 2827 Aristotelis,
863 2729 958 2809 nihil
987 2733 1089 2810 aliud
1116 2745 1204 2812 aunt
1230 2761 1345 2836 qnam

290 2850 392 2927 ouda
408 2860 447 2926 et
470 2847 645 2924 invalida·
660 2859 783 2946 pacta,
801 2868 885 2946 qum
911 2857 992 2924 tum
1008 2849 1170 2942 demum,
1188 2871 1278 2928 oum
1295 2853 1344 2928 sit

290 2965 354 3064 qui
369 2963 575 3062 potentiam
591 2961 751 3037 civitatis
765 2965 850 3060 jure
875 2973 1034 3056 exeroet,
1049 2963 1158 3064 loges
1173 2963 1270 3043 fiant
1285 2967 1344 3042 vel

289 3101 368 3156 non
380 3080 472 3154 fient
483 3076 581 3152 illius
597 3073 763 3152 arbitrio.
790 3077 998 3152 Contendit
1010 3095 1100 3176 orgo
1110 3087 1242 3178 puoto
1258 3099 1344 3156 oum

287 3190 451 3292 legibus,
485 3190 586 3288 quod
613 3211 691 3268 non
722 3191 911 3289 oportuit3
960 3201 1018 3266 est
1056 3185 1156 3266 enlm
1181 3201 1344 3292 pactam

281 3305 536 3407 promis-sume
571 3303 636 3380 ba
663 3305 890 3380 mundatum.
941 3303 990 3380 In
1016 3297 1163 3406 pactis,
1183 3306 1344 3404 saciata

133 3401 177 3532 '¹‘
289 3418 447 3504 diuum
471 3418 512 3492 in
538 3415 700 3516 legibue,
713 3417 806 3517 sua.
834 3415 976 3494 Paeto·
993 3417 1228 3516 obligamur;
1255 3419 1344 3524 lege

212 3625 218 3654 ⁴
243 3733 258 3769 η
288 3647 444 3745 ligatum
459 3643 711 3720 tenetvirtute
720 3644 955 3746 paetiunive

288 3530 442 3630 obligati
458 3541 638 3607 tenemur.
690 3528 850 3606 Paetum
861 3529 1168 3720 Obligasffiw'·
1193 3531 1261 3608 teo
1276 3530 1343 3724 ⁰3}
1441 3609 1442 3630 ¹

1099 3657 1294 3744 epraestan

330 3801 351 3843 θ
364 3799 454 3858 Paeto
468 3792 637 3876 obligamur,
651 3791 721 3874 eta]
746 3791 849 3856 Visum
866 3803 911 3857 est
932 3793 1086 3875 aliquibus,
1104 3783 1182 3858 idem
1196 3812 1259 3859 asse
1271 3795 1345 3860 obli-

289 3892 352 3970 μή
365 3897 395 3950 et
414 3889 574 3968 obugnuu
586 3889 694 3962 teneris
713 3895 745 3950 at
761 3887 881 3968 proinde
902 3885 1114 3950 dsdnodonem
1132 3887 1162 3949 ln
1175 3887 1274 3952 verbis
1290 3885 1342 3952 di-

291 3979 389 4062 qu'am.
402 3984 432 4042 iu
448 3999 480 4042 ru
493 3981 602 4042 nutum
615 4001 686 4042 etas.
726 3981 840 4044 clodus
851 4001 922 4062 argo
935 3983 992 4042 hoe
1005 3981 1091 4044 diunt
1118 3989 1207 4060 pacto
1219 3981 1343 4064 obligari

291 4073 446 4144 homiuem,
469 4073 500 4132 id
520 4077 571 4146 est,
585 4082 703 4152 propter
723 4075 941 4153 promissionem
965 4079 1102 4152 prestare
1124 4073 1252 4136 debere:
1277 4077 1341 4156 laga

291 4184 361 4226 varo
374 4163 534 4245 obligatum
547 4165 648 4240 teneri,
658 4167 750 4238 idest,
760 4176 839 4229 metu
849 4186 951 4247 poena,
960 4185 1026 4246 qua
1034 4167 1064 4228 in
1072 4165 1136 4248 lege
1146 4171 1339 4244 contitutus,

294 4257 332 4317 ad
344 4259 558 4336 prastattooem
571 4259 645 4339 cogi.
