2912 4912
246 257 315 356 158
655 305 868 359 nrnnnms.

47 501 145 553 secr,
158 502 212 556 m,
241 471 316 544 sint
327 470 375 544 ud
392 470 613 563 societatem,
630 482 669 546 et
681 471 730 547 sd
746 474 1037 548 conservandum
1053 497 1093 548 se
1105 472 1281 548 adversus

58 581 201 684 ,ᾗ
240 593 407 657 mutuam
421 584 518 670 vim3
545 585 677 660 deinde
700 587 990 685 progredientes,
1019 588 1111 685 quid
1136 588 1283 661 consilii

240 697 281 770 in
296 720 378 771 eam
393 722 472 771 rem
488 699 693 773 necessario
711 699 929 796 capiendum
944 700 1025 792 fuit,
1052 710 1091 774 et
1107 725 1190 797 quae
1205 700 1282 773 sint

174 859 177 864 -
241 810 425 884 societatis
441 811 516 885 sive
532 812 634 908 pacis
653 812 825 886 humanae
846 813 1085 902 conditiones,
1111 812 1184 885 hoc
1209 823 1279 901 est,

240 933 381 998 mutato
399 935 544 998 tantum
559 925 719 1014 nomine,
736 950 818 1022 quae
835 926 909 1001 sint
923 936 1066 1000 naturae
1078 926 1179 1023 leges
1194 925 1279 1000 fun-

241 1036 477 1129 damentales,
495 1038 738 1112 ostendemus.

45 1160 216 1206 estense
290 1160 326 1224 2.
352 1153 501 1241 Eorum,
519 1153 582 1249 qui
599 1152 644 1225 de
656 1151 920 1249 rebuspublieis
937 1151 1074 1248 aliquid
1091 1150 1279 1246 oonsorip

44 1225 220 1270 iisinih'nmesss

44 1296 220 1336 nummu
241 1275 378 1354 senmt,
396 1264 555 1337 maxima
569 1288 655 1361 pers
670 1265 727 1338 vei
746 1275 968 1360 supponunt,
984 1265 1044 1338 vel
1055 1275 1202 1361 petunt,
1220 1263 1279 1337 vel

239 1377 439 1473 postulant,
456 1378 643 1451 hominem
660 1401 737 1451 esse
754 1377 890 1452 animai
911 1387 1038 1473 aptum
1057 1374 1207 1450 notum*
1230 1374 1279 1448 ad

240 1490 473 1576 societatem
508 1489 627 1563 Graeoi
655 1489 783 1564 dicunt
824 1495 904 1571 ζῶον
937 1491 1126 1574 πολιτικὸν;
1161 1511 1278 1585 eoque

239 1601 478 1677 fundamento
499 1603 554 1677 ito
575 1603 868 1699 superaedificant
891 1602 1098 1676 doctrinam
1118 1601 1277 1690 civilem,

277 1834 295 1868 *
308 1830 415 1908 Aptera
424 1833 532 1897 notem,
543 1828 613 1903 eto]
638 1828 713 1888 Cum
725 1829 890 1886 societatem
908 1827 983 1884 inter
995 1826 1125 1884 homines
1138 1832 1206 1884 notu
1214 1824 1277 1902 jam

227 1921 437 1990 ¹constitutam
447 1938 514 1978 oum
523 1927 604 1978 extra
617 1921 781 1981 societatem
789 1920 885 1977 vivere
895 1918 1051 1988 neminem
1064 1936 1131 1976 oum
1141 1925 1277 1993 appetere

232 2029 424 2089 oongrsssum
436 2017 466 2068 et
479 2010 621 2086 colloquia
634 2019 735 2068 mutua
747 2029 845 2068 omnes
864 2010 1029 2077 videamus:
1054 2010 1127 2066 miru
1144 2009 1278 2084 quaedam

238 2104 329 2162 videri
342 2109 436 2179 potest
447 2103 598 2177 stupiditas
611 2103 640 2159 in
654 2103 716 2178 ipso
729 2101 867 2159 doetrinae
889 2100 979 2158 civilis
996 2099 1094 2157 limine
1111 2099 1276 2175 hujusmodi

238 2193 441 2254 offendiculum
453 2193 614 2270 legentibus
635 2212 789 2270 opponere,
802 2192 938 2250 hominem
953 2190 992 2249 od
1003 2190 1162 2248 societatem
1176 2197 1275 2270 aptum

237 2291 336 2344 natum
349 2303 481 2342 mesre.
525 2283 629 2361 Itaque
650 2285 818 2361 explicatius
830 2283 983 2340 dicendum
996 2289 1048 2339 est.
1087 2282 1198 2340 Verum
1212 2283 1276 2358 qui·

238 2377 304 2436 dem
327 2395 388 2435 esse
410 2377 519 2435 homini
541 2396 593 2453 per
612 2386 751 2446 naturam,
762 2378 821 2434 sive
842 2383 982 2452 quatenus
1005 2382 1047 2432 est
1064 2374 1159 2444 homo,
1172 2375 1203 2431 id
1223 2383 1275 2446 est,

236 2470 332 2528 statim
354 2476 440 2546 atque
463 2476 506 2526 est
528 2477 620 2539 natus
639 2470 823 2550 solitudinem
845 2475 1012 2545 perpetuam
1034 2466 1183 2524 molestum
1203 2486 1274 2525 esse.

236 2561 313 2620 Nam
322 2561 444 2620 inientes
457 2562 494 2620 ad
507 2563 669 2632 vivendum,
683 2562 772 2620 adulti
785 2562 822 2619 ad
835 2561 908 2618 bene
922 2559 1075 2618 vivendum
1085 2555 1206 2616 oliorum
1219 2577 1274 2634 ope

235 2655 372 2732 indigent.
413 2655 514 2732 Itaque
534 2652 664 2713 homines
685 2655 807 2714 alterum
830 2652 946 2710 alterius
966 2669 1150 2728 congressum
1170 2657 1274 2707 natura

233 2755 356 2824 cogente
379 2754 512 2826 appetere
535 2764 592 2804 non
613 2764 696 2823 nego.
737 2744 893 2804 societates
912 2750 1008 2800 summ
1026 2741 1123 2800 civiles
1135 2759 1193 2798 non
1207 2749 1275 2798 sunt

235 2840 307 2898 meri
321 2857 496 2916 congressus,
510 2838 560 2896 sed
573 2837 691 2906 foedera,
705 2837 810 2913 quibus
823 2835 961 2893 faciendis
980 2833 1051 2891 fides
1072 2844 1101 2890 et
1119 2838 1205 2910 pecta
1224 2851 1274 2890 ne-

235 2932 356 2989 cessaria
369 2938 444 2988 sunt.
485 2929 610 2996 Horum,
623 2930 660 2988 ab
674 2929 830 3004 infantibus
840 2927 956 3004 quidem
970 2932 999 2983 et
1012 2924 1143 2993 indoctis,
1154 2923 1215 2992 vis3
1235 2925 1273 2982 sb

235 3023 270 3080 iis
283 3030 388 3090 autem,
400 3023 453 3100 qui
466 3021 634 3080 damnorum
647 3040 665 3080 a
678 3020 793 3104 defectu
806 3019 949 3078 societatis
966 3016 1107 3093 inexperti
1126 3023 1204 3083 sunt,
1218 3017 1274 3074 nti-

234 3115 299 3175 litns
312 3115 477 3190 ignoratnrs
497 3113 574 3170 unde
586 3113 620 3170 fit
639 3120 672 3170 ut
684 3112 734 3182 illi,
754 3112 822 3188 quie
832 3111 902 3186 quid
915 3110 952 3167 sit
964 3109 1084 3167 societas
1097 3125 1154 3165 non
1169 3108 1274 3165 intelli·

234 3212 316 3283 gunt,
330 3224 394 3264 eam
406 3206 478 3264 inire
492 3223 549 3261 non
564 3205 691 3282 possint;
711 3205 752 3270 hi,
765 3204 834 3280 quie
846 3199 1060 3278 nesciunt'quid
1072 3197 1200 3274 prodest,
1213 3217 1272 3258 non

235 3305 346 3358 curent.
384 3295 573 3361 Manifestum
596 3315 665 3374 ergo
689 3304 731 3354 est
755 3313 855 3354 omnes
875 3293 1015 3361 homines,
1041 3309 1109 3349 oum
1131 3291 1189 3348 sint
1211 3290 1272 3347 nuti

234 3388 366 3460 infantes,
387 3389 424 3448 ad
447 3390 611 3448 societatem
632 3390 744 3466 ineptos
767 3395 850 3446 natos
872 3404 952 3444 esse:
972 3403 1024 3462 per
1047 3379 1152 3442 multos
1176 3381 1271 3448 etiam,

234 3480 354 3540 fortasse
375 3482 521 3557 plurimos,
534 3481 580 3539 vei
600 3482 702 3539 morbo
726 3479 822 3548 animi,
843 3478 888 3536 vei
904 3475 1019 3535 defectu
1039 3473 1205 3550 disciplinas,
1219 3490 1272 3548 per

233 3591 349 3632 omnem
362 3575 449 3632 vitum
461 3575 573 3649 ineptos
590 3590 715 3631 manere.
754 3571 874 3629 Habent
893 3576 989 3628 tamen
1007 3567 1048 3624 illi
1067 3574 1127 3624 tum
1147 3562 1272 3621 infantes

233 3684 320 3743 quem
328 3665 733 3724 odultinaturemhnmnnam.
765 3660 816 3723 Ad
824 3661 990 3722 societatem
1001 3675 1070 3734 ergo
1080 3657 1167 3715 homo
1177 3661 1271 3731 aptus,

232 3777 291 3818 non
304 3764 414 3827 natura,
425 3757 475 3816 sed
485 3753 634 3832 disciplina
646 3755 739 3818 faetus
749 3760 801 3812 est.
841 3751 931 3811 Porro
940 3750 1053 3810 temetsi
1061 3767 1096 3808 es
1105 3747 1271 3806 conditione

232 3857 316 3910 natus
334 3857 408 3908 esset
430 3849 515 3908 homo
536 3856 568 3905 nt
580 3847 746 3906 societatem
766 3850 920 3921 oppeteret,
935 3861 992 3900 non
1005 3841 1134 3919 sequitur
1147 3834 1272 3896 eundem

233 3942 274 4000 ita
286 3949 385 4000 natum
398 3959 467 4008 esse,
477 3946 511 3997 ut
522 3939 651 3997 societati
663 3936 794 3996 insnndae
808 3936 845 3993 sit
856 3935 985 3992 idoneus.
1025 3932 1091 3990 Alia
1104 3949 1150 3988 res
1163 3936 1207 3987 est
1220 3947 1271 4006 ap-
1323 3993 1327 3998 ,

232 4041 338 4110 petere,
351 4033 407 4092 alia
419 4049 554 4107 capacem
567 4047 637 4088 esse.
676 4027 827 4105 Appetnnt
849 4026 925 4084 enim
948 4025 997 4094 illi,
1015 4025 1066 4100 qui
1082 4029 1178 4081 tamen
1201 4039 1271 4079 oon-

232 4126 354 4184 ditiones
367 4143 473 4202 equas,
486 4124 547 4182 sine
557 4122 662 4198 quibus
673 4121 794 4182 sociates
807 4137 868 4180 esse
886 4135 943 4178 non
956 4123 1060 4196 potest,
1072 4115 1204 4190 sosipers
1216 4131 1271 4191 per

232 4218 395 4294 superbiam
407 4236 466 4277 non
478 4217 641 4294 dignantur.
