2912 4912
295 283 345 348 94·
516 343 519 349 ,
677 297 731 346 nu
751 295 934 348 nomme.

102 494 200 544 saca,
214 496 254 548 11,
295 463 336 535 in
353 463 552 551 abstracto,
570 473 613 535 ut
644 487 737 559 opus
761 489 838 537 non
863 463 1001 535 habeat
1018 462 1231 558 cognitione
1264 465 1351 536 sub-

109 571 254 676 „L‘L
291 575 397 672 jecti,
421 586 465 648 ut
481 576 687 670 geometria
705 586 743 648 et
765 575 1020 649 arithmetica:
1047 575 1175 648 mixtae
1191 599 1295 665 vern,
1315 577 1354 648 in

297 713 456 784 quarum
481 689 685 785 rationibus
704 689 959 762 consideratur
976 689 1089 762 etiam
1108 690 1269 786 subjecti
1286 691 1353 762 ali-

295 825 371 898 qua
399 803 619 898 proprietas,
656 803 783 899 quales
809 813 896 875 sunt
925 802 1164 892 astronomia,
1195 803 1351 892 musica,

294 915 460 1011 physica,
478 928 516 988 et
528 925 653 1011 partes
670 916 845 1013 physicae,
864 940 947 1012 quae
960 915 1073 987 variae
1090 939 1170 988 esse
1190 927 1352 1010 possunt

294 1052 363 1123 pro
380 1028 560 1101 varietate
584 1029 790 1124 specierum
808 1039 846 1101 et
862 1027 1027 1122 partium
1042 1027 1219 1100 universi.

346 1140 530 1213 Praeterea
541 1141 693 1237 politica
706 1154 744 1214 et
761 1141 895 1230 ethica,
910 1141 950 1213 id
967 1155 1023 1213 est
1035 1140 1299 1235 scientiajcsti
1314 1151 1352 1212 et

296 1253 441 1347 injucti,
453 1255 553 1351 aequi
569 1266 608 1326 et
623 1254 754 1352 iniqui,
768 1255 1013 1328 demonstrari
1030 1279 1053 1326 a
1069 1255 1193 1351 priore
1203 1265 1349 1350 potest3

295 1378 493 1462 propterea
511 1367 611 1463 quod
627 1368 820 1465 principia,
840 1368 972 1463 quibus
980 1369 1127 1462 justum
1145 1378 1182 1440 et
1201 1392 1351 1463 (equum

295 1489 335 1551 et
348 1491 490 1569 contra,
509 1481 686 1574 injuctum
713 1491 750 1552 et
767 1480 943 1578 iniquum,
962 1480 1054 1575 quid
1083 1480 1168 1570 sint,
1189 1503 1351 1574 cognos-

296 1593 406 1682 citur,
419 1593 539 1682 idest,
550 1593 706 1687 justitiae
720 1617 859 1682 causas,
870 1592 1045 1665 nimirum
1057 1593 1158 1688 leges
1170 1604 1207 1664 et
1224 1604 1350 1688 pacta,

294 1706 367 1802 ipsi
390 1707 555 1780 fecimus,
608 1706 706 1779 Nam
733 1717 820 1779 ante
835 1716 946 1802 pacta
971 1716 1009 1778 et
1036 1706 1136 1802 leges
1162 1706 1348 1796 conditae,

294 1819 398 1892 nulla
421 1842 541 1916 neque
568 1819 713 1914 justitia
741 1842 862 1914 neque
887 1819 1081 1914 injustitia,
1108 1842 1229 1914 neque
1258 1819 1350 1892 boni

295 1956 417 2028 neque
428 1932 516 2004 mali
528 1931 668 2027 publici
679 1943 813 2004 natura
826 1943 907 2004 erat
923 1931 1020 2004 inter
1029 1931 1211 2021 homineS,
1225 1932 1349 2028 magis

296 2069 409 2139 quam
425 2045 524 2117 inter
540 2044 690 2117 bestias.

669 2441 670 2446 Ν
699 2494 861 2568 capon
887 2495 956 2566 xi.

318 2654 372 2704 DE
389 2653 595 2705 APPETI'I'U
615 2653 666 2704 ΕΤ
686 2655 809 2720 FUGA,
828 2654 1027 2706 JUCUNDO
1047 2654 1099 2705 ET
1117 2655 1331 2724 MOLESTO‚

616 2755 668 2805 ΕΤ
686 2756 835 2806 EORUM
857 2755 1018 2806 CAUSIS.

299 2874 326 2926 1.
347 2870 503 2945 Appetitus
517 2878 546 2928 et
565 2869 636 2945 suga
659 2871 729 2946 quid
742 2872 807 2937 sint,
821 2878 851 2928 et
870 2871 1006 2947 aquibus
1020 2870 1122 2928 causis.
1138 2874 1140 2883 '
1163 2872 1191 2927 2.
1212 2871 1283 2930 Non
1297 2874 1350 2930 de·

337 2963 465 3036 pendent
477 2981 495 3020 a
507 2970 605 3020 nostro
618 2963 746 3020 arbitrio.
795 2967 823 3022 3.
843 2964 998 3038 Appetitus
1011 2963 1139 3020 nascitur
1152 2965 1349 3038 experiundo.

337 3059 367 3112 4.
387 3053 461 3110 Boni
483 3055 601 3111 nomina
625 3055 711 3124 varia,
725 3055 886 3130 pulchrum,
906 3055 1178 3131 jucundumsutile.
1218 3059 1249 3114 5.
1271 3056 1349 3114 Boni

335 3152 365 3201 et
379 3145 447 3201 mali
467 3146 584 3202 nomina
603 3146 698 3202 adhuc
720 3146 840 3203 diversa.
889 3151 918 3206 6.
947 3146 1095 3203 Bonorum
1119 3147 1281 3204 maximum
1303 3150 1349 3205 sui

340 3236 447 3310 cuique
462 3237 658 3303 conservati0;
678 3237 835 3292 maximum
859 3237 974 3306 malum,
996 3244 1128 3312 respectu
1139 3244 1262 3307 naturae,
1284 3257 1350 3296 cor-

335 3328 440 3402 ruptio.
489 3329 518 3389 7.
538 3327 666 3385 Divitiae.
714 3331 744 3386 8.
765 3326 921 3402 Sapientia.
961 3334 989 3389 9.
1010 3329 1107 3386 Artes.
1158 3333 1204 3388 10.
1226 3328 1348 3387 Literae.

336 3423 384 3477 ll.
398 3418 531 3494 Negotia.
564 3423 610 3478 12.
623 3419 842 3494 Jucundaquae.
883 3425 931 3480 13.
946 3419 1072 3479 Pulchra
1082 3440 1158 3496 quae.
1199 3425 1248 3480 14.
1263 3422 1350 3481 Bona

336 3518 512 3586 comparata.
553 3514 601 3569 15.
623 3509 774 3568 Summum
787 3511 905 3568 bonum.

81 3655 199 3712 Appetitas
208 3627 230 3698 a
300 3638 332 3702 l.
359 3629 589 3702 Anrnmrro
609 3641 647 3702 et
670 3629 758 3725 fuga
779 3630 1007 3726 avoluptate
1025 3641 1063 3702 et
1079 3631 1252 3704 molestia
1269 3657 1348 3707 non

81 3721 196 3844 {uffffl
203 3721 284 3830 ἓῖζρῗ
296 3742 404 3816 aliter
418 3742 605 3833 differunt,
620 3767 731 3838 quam
743 3743 952 3816 desiderare
965 3769 988 3816 a
999 3745 1085 3830 frui,
1096 3745 1215 3835 idest,
1232 3771 1348 3843 quam

294 3855 461 3928 futurum
484 3881 507 3929 a
531 3856 717 3952 praesenti.
769 3856 867 3928 Nam
888 3866 925 3929 et
952 3857 1131 3953 appetitio
1157 3858 1348 3956 voluptas

295 3981 333 4043 et
361 3970 450 4067 fuga
474 3969 745 4053 molestiaest;
772 3965 927 4043 sedilia
959 3994 979 4042 e
1005 3969 1185 4066 jucundo,
1214 3973 1298 4046 haec
1327 3997 1348 4046 e

295 4083 463 4186 molesto,
480 4082 648 4158 nondum
673 4096 855 4179 praesente
873 4084 939 4156 sed
953 4085 1111 4180 praeviso
1128 4097 1195 4158 aut
1212 4111 1348 4184 expec-

292 4206 382 4270 tato.
435 4197 617 4293 Voluptas
645 4208 768 4270 autem
795 4208 832 4270 et
861 4197 1041 4288 molestia,
1060 4199 1130 4271 etsi
1155 4201 1347 4274 sensiones
