2912 4912
342 320 396 374 nn
415 321 618 376 arrnrrru
637 321 689 374 nr
707 323 829 392 roan,
848 322 935 376 nro.
1098 307 1147 376 99

112 488 205 578 sitae,
239 489 401 574 bonum;
437 513 523 562 nam
553 488 770 586 jucundum.
832 489 1014 566 Videntur
1047 487 1146 564 enim
1184 521 1332 574 ranan,

113 603 246 699 auique
271 615 529 701 argumentum
544 602 750 701 prudentiae
774 627 861 678 auae.
913 601 1146 692 Mendicitaa,
1187 599 1331 706 ᾧ
1384 707 1386 712 Ι

111 716 170 790 vel
188 716 301 790 etiam
316 728 513 814 paupertas
530 717 623 790 citra
638 714 677 790 id
701 713 799 812 quod
819 717 1063 790 necessarium
1080 725 1147 806 eet,

111 829 271 914 malum
299 831 385 926 quia
411 829 574 926 indigere
604 829 827 919 necessariis,
856 829 1005 904 malum.
1056 829 1148 904 Pau-

111 954 236 1040 pertas
249 943 327 1016 sine
340 943 553 1040 indigentia,
564 944 725 1026 bonnm;
751 940 934 1016 subtrahit
959 941 1148 1018 dominum

112 1079 220 1128 sunm
237 1057 283 1129 ab
301 1056 450 1146 invidia,
468 1055 651 1130 calumnia
667 1068 706 1129 et
722 1054 874 1132 insidiis.

163 1176 199 1242 8.
227 1169 424 1264 Sapientia,
443 1169 545 1244 utile.
596 1169 694 1242 Nam
705 1167 915 1265 praesidium
928 1168 967 1242 in
983 1189 1022 1242 se
1038 1167 1149 1242 habet

111 1282 342 1356 nonnullum.
393 1283 514 1358 Etiam
541 1281 736 1380 appetibile
759 1295 817 1356 est
842 1305 909 1379 per
938 1305 990 1372 se,
1016 1280 1054 1355 id
1081 1291 1148 1372 eat,

108 1395 326 1492 jucundum.
354 1397 448 1472 Item
459 1395 670 1494 pulchrum
690 1396 776 1492 quia
790 1395 969 1493 acquisitu
981 1394 1147 1470 difficilia.

112 1508 337 1605 Ignorantia,
354 1509 512 1594 malum;
538 1521 581 1582 ut
605 1508 645 1582 in
668 1531 740 1604 qua
761 1508 972 1606 praesidium
995 1509 1148 1599 nullum,

111 1646 232 1718 neque
250 1621 455 1717 ingruentis
473 1621 559 1696 mali
575 1621 757 1718 provisio.

161 1735 382 1810 Divitiarum
400 1759 510 1832 quam
527 1735 715 1832 sapientire
732 1735 865 1832 cupido
875 1735 1003 1832 major.
1028 1733 1148 1830 Vulgo

111 1850 212 1924 enim
224 1873 301 1923 non
318 1851 496 1945 quaeritur
511 1849 591 1924 hac
608 1849 677 1922 nisi
694 1861 846 1946 propter
863 1848 953 1922 illas.
1003 1848 1051 1922 Et
1068 1847 1148 1922 illas

111 1965 143 2038 si
159 1963 309 2052 habent,
329 1963 440 2037 etiam
462 1963 558 2037 hanc
574 1961 710 2037 habere
736 1962 852 2037 videri
869 1963 1011 2036 volunt.
1062 1961 1149 2036 Non

111 2077 211 2151 enim
239 2076 302 2172 qui
326 2076 470 2173 sapiens
497 2085 565 2166 est,
591 2085 634 2150 ut
659 2075 783 2150 dixere
807 2076 924 2166 stoici,
948 2075 1048 2149 dives
1071 2087 1148 2162 cett

110 2191 176 2264 sed
193 2198 335 2279 contra,
354 2189 416 2286 qui
434 2189 534 2264 divas
552 2197 608 2262 est
624 2186 768 2284 sapiens
786 2187 963 2262 dicendus
980 2199 1048 2263 est.

161 2302 360 2400 Sapientiae
377 2326 487 2398 quarn
501 2301 711 2376 divitiarum
723 2303 841 2400 major
857 2314 913 2376 eat
924 2301 1051 2398 gloria.
1078 2299 1149 2376 Hae

109 2416 210 2490 enim
234 2439 303 2512 pro
333 2414 429 2488 illius
464 2415 569 2512 signo
601 2413 729 2490 haberi
763 2415 892 2490 solent.
944 2413 1151 2512 indigentia

111 2553 222 2624 quam
235 2529 394 2604 stultitia
405 2529 525 2604 minus
539 2537 595 2602 eat
606 2526 786 2614 dadacum
812 2529 875 2604 illa
884 2529 982 2603 enim
991 2529 1149 2604 fortunae

110 2642 345 2738 iniquitatem
362 2665 534 2716 accusare
551 2651 673 2738 potest
687 2672 697 2726 ;
723 2639 803 2716 haee
816 2653 987 2716 naturam
999 2651 1150 2715 accusat

111 2756 239 2830 solam.
290 2754 529 2830 Tolerabilior
549 2765 671 2828 autem
686 2766 743 2828 est
759 2754 913 2828 stultitia
926 2779 1037 2852 quam
1053 2753 1147 2828 indi-

110 2871 239 2966 gentio
254 2899 263 2954 ;
290 2868 353 2943 illa
369 2869 467 2942 enim
483 2869 522 2943 in
540 2868 702 2966 proprio,
720 2866 819 2964 quod
835 2869 950 2956 aiunt,
967 2868 1147 2943 elemento

110 3006 186 3056 non
202 2992 345 3080 gravat.

160 3105 197 3170 9.
226 3093 398 3170 Scientiae
415 3094 492 3168 sive
508 3103 617 3183 artes,
634 3094 783 3168 bonum.
808 3094 831 3168 J
833 3093 1021 3169 noandum
1038 3093 1147 3170 enim.

112 3209 211 3284 Nam
227 3208 337 3282 finxit
353 3217 487 3281 natura
501 3207 688 3281 hominem
705 3207 823 3280 omnia
839 3207 894 3282 rei
914 3232 1019 3283 novae
1035 3207 1150 3282 admi-

111 3331 288 3410 ratorem,
317 3319 356 3392 id
389 3333 455 3407 est,
488 3318 636 3394 avidum
665 3319 805 3394 sciendi
835 3321 999 3396 omnium
1027 3344 1151 3396 rerum

113 3457 254 3510 oausaa
307 3432 435 3528 Itaque
461 3432 515 3521 fit,
541 3442 584 3507 ut
612 3432 765 3506 scientia
790 3432 838 3506 ait
868 3447 1014 3508 tantum
1040 3435 1152 3508 animi

111 3547 299 3646 pabulum,
319 3557 356 3619 et
379 3543 534 3642 proinde
562 3545 715 3620 eandem
740 3545 875 3622 habeat
899 3547 1080 3622 rationem
1104 3547 1153 3622 ad
1196 3643 1199 3652 Δ

113 3662 278 3736 animum
303 3682 412 3754 quam
439 3659 576 3734 habent
602 3659 777 3734 alimenta
800 3661 849 3736 ad
865 3685 1023 3758 corpua;
1050 3671 1088 3736 et
1108 3673 1152 3735 ut

114 3772 290 3860 esurienti
307 3771 422 3861 cibus,
435 3772 489 3846 ita
505 3782 590 3846 sunt
607 3772 729 3847 animo
743 3773 887 3848 curioso
898 3775 1150 3872 phaenomena.

115 3887 300 3960 Diffarunt
317 3896 441 3958 tamen
467 3886 506 3959 in
522 3885 605 3977 hoo,
623 3885 722 3982 quod
739 3889 883 3984 corpori
900 3885 1067 3962 accidere
1083 3911 1152 3984 po·

116 4010 186 4074 test
202 4000 372 4073 ciborum
397 3999 567 4085 satiatam
594 3999 736 4074 animus
762 4009 885 4074 autem
912 3999 1061 4076 sciendo
1089 4024 1152 4075 ex-

118 4113 205 4208 pleri
221 4136 299 4186 non
315 4123 450 4208 potest.

165 4225 298 4314 Etiam,
329 4247 397 4299 sua
422 4225 554 4322 cuique
581 4249 641 4302 ars
669 4237 820 4302 eatenus
841 4228 955 4319 utilis,
972 4237 1152 4325 quatenus

990 4365 1044 4416 112
