2904 4912
323 319 396 386 390
749 338 935 391 numam.

129 532 226 583 socr.
243 533 296 588 ιιι,
323 503 524 596 hominum,
543 505 607 604 qui
628 505 707 602 jam
732 515 987 602 peccaverant,
1013 507 1169 584 salutem
1197 534 1365 587 necessa-

137 607 281 716 ᾧ
323 615 419 689 rium
437 629 528 709 erat,
545 642 667 715 neque
695 619 741 692 ab
771 619 844 692 alio
868 620 949 692 fieri
977 621 1110 717 potuit.
1163 623 1251 697 Non
1269 625 1364 700 enim

322 729 578 825 poenitentiam
596 731 762 829 sequitur
779 733 944 808 remissio
961 745 1198 831 peecatorum
1215 748 1365 812 natura-

320 841 417 933 liter,
434 856 477 916 ut
495 843 639 931 debita;
667 844 731 918 sed
750 845 997 942 dependeant
1013 849 1187 944 gratuita,
1201 873 1225 922 a
1237 850 1364 924 volun-

320 965 396 1030 tate
430 958 500 1031 Dei
533 960 858 1056 supernaturaliter
891 960 1097 1034 revelanda.
1150 962 1292 1052 Tertio,
1321 963 1365 1036 ad

321 1069 461 1145 Christi
479 1073 637 1146 officium
655 1073 863 1170 pertinebat
880 1073 1013 1147 docere
1031 1099 1075 1148 ea
1101 1077 1282 1149 mandata
1299 1076 1365 1149 Dei

320 1184 454 1267 omnia,
473 1185 548 1258 sive
576 1188 674 1260 circa
692 1186 833 1260 cultum
860 1185 936 1259 sive
955 1185 1054 1260 circa
1072 1186 1251 1286 dogmata
1268 1187 1364 1278 fidei,
1437 1275 1438 1278 Ἴ

321 1320 403 1393 quae
421 1299 563 1373 ratione
579 1299 740 1373 naturali
757 1298 844 1372 sciri
861 1323 936 1372 uon
959 1309 1123 1396 possunt,
1144 1301 1212 1373 sed
1228 1302 1365 1375 revela·

319 1411 421 1487 tione
450 1423 620 1498 tantum
648 1413 771 1510 qualia
787 1422 874 1486 sunt
901 1412 1022 1509 ipsum
1046 1436 1125 1486 esse
1152 1412 1363 1498 Christum

319 1549 476 1623 regnum
493 1551 597 1599 saara
614 1551 686 1600 aaa
700 1550 783 1598 esse
796 1534 992 1615 terrestre,
1003 1525 1074 1598 secl
1085 1524 1267 1610 coeleste,·
1285 1551 1365 1599 esse

313 1639 478 1735 praemia
489 1648 774 1738 etpoeaaspcst
785 1638 880 1712 laroc
891 1638 1022 1723 aitara·
1039 1639 1293 1712 animantesse
1304 1639 1364 1713 iru-

318 1752 511 1824 mortalem
523 1780 537 1836 ;
556 1761 794 1825 sacramenta
809 1760 866 1824 tot
878 1762 915 1825 et
928 1750 1025 1824 talia
1026 1751 1125 1849 fore
1137 1780 1151 1836 ;
1170 1762 1210 1826 et
1220 1753 1362 1826 similia.

106 1904 225 1950 nnuma,
374 1875 431 1939 14.
457 1866 514 1938 Ex
530 1865 587 1956 iis,
606 1889 688 1962 quae
712 1862 913 1938 dictasunt
940 1863 979 1937 iu
1005 1865 1169 1938 articulis
1198 1866 1363 1962 proxime

104 1969 287 2094 fffiffl„
319 1978 624 2076 praecedentibus,
652 2002 728 2052 non
756 1988 813 2052 est
837 1976 983 2050 difficile
1011 1976 1242 2073 distinguere
1270 1979 1365 2052 inter

319 2090 543 2189 spiritualia
562 2102 601 2165 et
619 2089 858 2188 temporalia.
887 2089 983 2163 Cum
1002 2090 1100 2162 euim
1117 2113 1184 2186 per
1202 2091 1364 2189 spiritu-

318 2203 462 2278 aliaeu
491 2203 742 2301 intelligantur
760 2226 841 2299 quae
858 2202 1141 2276 fundamentum
1163 2203 1304 2278 habent
1324 2205 1362 2278 in

318 2317 539 2390 auctoritate
581 2331 619 2390 et
654 2316 774 2390 officio
814 2316 1003 2406 Cumsrs,
1037 2339 1170 2412 neque,
1203 2317 1278 2391 nisi
1319 2343 1363 2392 ea

319 2430 529 2505 Cnn1suus
549 2428 745 2521 docuisset,
764 2430 850 2503 sciri
867 2439 1042 2526 possent;
1061 2430 1208 2528 sintque
1227 2441 1363 2506 caetera

316 2545 441 2620 omnia
470 2543 709 2640 temporalia:
736 2543 901 2641 sequitur
930 2541 1185 2616 definitionem
1214 2553 1253 2617 et
1281 2567 1363 2618 sen-

315 2658 443 2732 tentiae
458 2657 634 2732 lationem
652 2655 750 2729 circa
767 2657 913 2751 justum
931 2666 969 2728 et
997 2655 1187 2750 injustum,
1205 2657 1362 2756 cogniti-

316 2796 423 2846 onem
443 2770 775 2846 oontroversiarum
792 2768 957 2842 omnium
980 2769 1079 2842 circa
1096 2768 1222 2842 media
1249 2771 1362 2868 pacis

314 2885 374 2959 vel
403 2883 634 2983 affers-rionis
662 2881 835 2980 publica,
862 2892 900 2956 et
927 2905 1081 2956 examen
1110 2881 1362 2956 doctrinarum

314 3000 563 3096 librorumque
589 2997 628 3071 in
646 2997 747 3071 omni
763 2995 928 3069 scientia
946 2994 1144 3084 rationali,
1152 2996 1263 3090 juris
1281 3021 1361 3070 essa

315 3112 548 3209 temporalis.
590 3111 684 3187 Quae
701 3134 800 3198 vero,
819 3134 842 3182 a
860 3109 1030 3183 (inuram
1048 3109 1161 3182 verbo
1180 3119 1219 3183 et
1235 3121 1362 3184 aucto-

314 3224 426 3298 ritate
458 3236 605 3298 tantum
635 3221 893 3320 dependentia,
926 3223 1108 3318 mysteria
1126 3222 1233 3316 fidei
1263 3235 1359 3312 suut,

315 3361 442 3412 eorum
456 3336 721 3434 judicationem
729 3335 837 3432 juris
848 3358 927 3409 esse
937 3333 1168 3432 spiritualis.
1196 3335 1360 3410 Definire

313 3460 450 3540 autem,
468 3448 559 3548 quid
576 3449 624 3523 sit
650 3447 866 3546 spirituale,
885 3447 975 3545 quid
992 3446 1212 3546 temporale,
1232 3449 1361 3544 quoni-

313 3589 374 3638 am
386 3559 560 3639 servator
573 3573 698 3637 noster
709 3559 984 3635 distinctionem
995 3560 1095 3633 illam
1106 3584 1182 3634 uon
1193 3561 1359 3652 tradidit,

313 3678 466 3752 rationis
477 3675 666 3774 inquisitio
678 3686 746 3764 est,
757 3671 992 3770 pertinetque
1003 3672 1127 3766 adjus
1139 3675 1329 3772 temporal
1348 3731 1358 3749 .

314 3791 549 3885 Quamquam
578 3788 677 3862 enim
707 3798 855 3860 sanctus
883 3784 1017 3859 Paulus
1044 3785 1169 3859 multis
1200 3786 1240 3859 in
1271 3787 1359 3862 locis

316 3905 439 4000 (Rom.
459 3903 532 3976 viii.
552 3912 573 3975 5
590 3934 600 3987 ;
631 3911 644 3976 l
669 3900 754 3973 Cor.
772 3899 835 3972 xii.
856 3907 891 3988 8,
905 3907 941 3982 9,
958 3900 1018 3995 10)
1040 3897 1248 3994 distinguat
1264 3899 1360 3974 inter

311 4015 538 4118 spiritualia
565 4026 603 4088 et
630 4012 820 4102 carnalia,
844 4023 1026 4110 vocatque
1050 4011 1278 4109 spiritualia
1305 4035 1357 4100 ea,

312 4156 395 4230 quae
410 4139 496 4204 sunt
514 4126 697 4226 Spiritus,
713 4127 887 4200 nimirum
901 4125 1141 4223 sapientiam,
1156 4149 1358 4198 sermonem

313 4242 492 4334 scientia,
507 4239 644 4338 ficiem,
648 4239 887 4338 facultatem
912 4238 1076 4342 sanandi
1093 4237 1254 4331 morbos,
1272 4263 1359 4338 ope-
