2834 4912
292 281 359 348 182
712 297 926 350 urnnnrss,

94 493 191 548 suco,
205 495 258 548 111,
286 457 390 551 riam,
405 485 702 560 unumquemque
711 463 797 560 jura
809 461 977 560 quadam
990 485 1056 537 sua
1065 473 1196 538 mutuo
1208 475 1324 538 truns-

103 573 245 680 ,ζ
285 571 393 665 ferre,
404 585 515 672 atque
532 575 603 650 hoc
619 575 743 650 vocari
753 585 924 676 partium,
936 575 1080 674 quotics
1096 575 1263 651 futurum
1280 577 1325 652 sit

285 687 385 784 quod
411 687 640 764 transfertur.
693 689 776 766 Hoc
802 699 924 765 autem
951 689 998 764 ud
1024 713 1153 788 pacem
1177 689 1324 765 concili-

284 801 419 877 andum
449 801 678 878 conducibile
708 813 776 894 est,
795 813 973 901 quatenns
1001 827 1085 900 qnae
1107 803 1325 902 paciscimur

284 915 454 990 facienda
468 916 527 990 rel
544 915 759 1007 omittenda,
778 941 821 990 cu
837 939 877 990 re
891 915 971 1013 ipsu
985 915 1140 990 facimus
1150 915 1211 990 vel
1222 917 1326 992 omit·

285 1027 418 1114 timus;
448 1027 656 1128 frustraque
682 1041 804 1104 essent
819 1039 940 1126 pactu,
957 1027 1027 1103 nisi
1057 1029 1128 1104 iliis
1155 1041 1325 1104 staretur.

287 1141 471 1218 Quoniam
494 1165 582 1240 ergo
602 1143 737 1243 pactis
763 1151 880 1232 sture,
912 1141 986 1216 sive
1008 1141 1131 1239 fldem
1160 1165 1325 1234 servare,

284 1253 532 1330 necessarium
559 1267 615 1330 est
639 1253 687 1330 ad
709 1279 838 1353 pacem
866 1253 1145 1346 conciliandam,
1163 1253 1238 1330 erit
1264 1279 1327 1353 per

289 1367 485 1443 articulum
502 1379 538 1460 2,
556 1391 636 1466 cup.
657 1391 701 1443 11.
719 1381 946 1466 praeceptum
963 1367 1055 1466 legis
1072 1367 1263 1443 naturalis.

76 1503 255 1549 nonomen·
335 1489 369 1556 2.
398 1481 527 1581 Neque
560 1505 811 1580 personarum,
848 1482 1064 1580 quibuscum
1093 1481 1326 1579 paciscimur,

74 1569 262 1694 ffl'ffl,
283 1593 360 1670 ulla
372 1593 482 1670 datur
493 1595 563 1670 huc
576 1595 615 1669 in
632 1617 672 1668 re
689 1595 869 1692 exceptio,
887 1604 989 1692 putu,
1004 1593 1034 1668 si
1049 1593 1101 1669 illi
1118 1593 1232 1669 fidem
1247 1619 1326 1670 cum
1415 1701 1416 1706 Ἰ

284 1709 365 1784 aliis
382 1733 451 1784 nec
469 1720 626 1801 servent3
644 1732 713 1784 nec
739 1708 956 1784 servandam
971 1719 1115 1806 putent,
1141 1719 1208 1782 aut
1230 1707 1326 1782 aliud

285 1823 475 1921 quodlibet
502 1823 664 1898 habeant
679 1823 823 1898 vitium.
866 1822 963 1898 Nam
981 1823 1043 1920 qui
1056 1821 1268 1920 paciscitur,
1286 1845 1327 1896 eo

286 1935 385 2034 quod
413 1935 623 2034 paciscitur,
651 1937 894 2011 frustraneum
930 1959 1011 2010 eum
1043 1957 1121 2009 esse
1146 1935 1325 2010 actionem

284 2059 408 2148 negat.
441 2049 489 2124 nt
507 2060 636 2125 contra
647 2049 828 2124 rationem
842 2059 909 2140 cst,
927 2049 1102 2124 scientem
1119 2047 1261 2122 frustra
1276 2047 1327 2122 fa·

285 2185 379 2238 cere.
431 2161 535 2237 Idem
560 2163 590 2236 si
614 2161 863 2261 praestandum
877 2175 1026 2260 pactum
1053 2185 1129 2238 non
1152 2173 1273 2260 putet,
1286 2185 1327 2236 eo

285 2276 385 2374 quod
403 2275 455 2350 sic
468 2285 586 2374 putet,
601 2274 811 2373 pactionem
828 2274 981 2350 eandem
992 2274 1239 2350 fmstruneam
1252 2299 1326 2351 esse

285 2391 453 2466 affirmat.
481 2389 556 2465 Qui
570 2413 658 2488 ergo
668 2389 867 2488 paciscitur
883 2413 967 2465 cum
985 2413 1041 2480 eo,
1056 2389 1205 2487 quicum
1219 2389 1325 2464 fidem

284 2503 1324 2602 servaresetenerinonputat,simulpactionemesscrcm

284 2617 530 2694 frustraneum
552 2627 589 2692 et
616 2641 690 2692 non
708 2617 953 2692 frustraneum
969 2618 1139 2708 affirmat,
1158 2618 1258 2715 quod
1274 2629 1326 2691 cst

283 2731 493 2808 absurdum.
547 2731 643 2806 Cum
655 2731 754 2806 omni
772 2731 885 2830 igitur
900 2731 1061 2823 homine,
1077 2729 1137 2805 vel
1149 2727 1329 2805 servanda

284 2856 341 2921 est
356 2845 460 2937 fides,
477 2843 536 2920 vel
561 2869 635 2919 non
651 2843 923 2942 paciscendum,
949 2844 1021 2918 hoc
1038 2854 1107 2935 est,
1124 2843 1185 2918 vel
1210 2841 1325 2918 decla·

284 2969 406 3033 ratum
422 2958 571 3049 bellum,
584 2957 643 3032 rel
661 2971 762 3031 certa
779 2970 817 3032 et
833 2955 908 3032 fida
919 2955 1089 3031 habenda
1105 2967 1162 3032 est
1179 2979 1262 3054 pun.

106 3093 259 3156 laudarum.
337 3069 692 3156 arcendorum,
722 3069 818 3145 sicut
848 3081 885 3144 et
918 3069 995 3146 dati
1027 3069 1212 3168 repetitio,
1247 3093 1327 3168 quae

286 3207 430 3282 semper
446 3185 518 3260 sita
533 3195 591 3260 est
607 3183 645 3258 in
662 3183 786 3282 aliqua
801 3183 946 3258 actione
962 3183 1021 3259 vel
1043 3183 1250 3274 omissione,
1264 3207 1326 3258 vo-

287 3308 393 3374 catur
406 3319 593 3374 ruscum.
620 3297 1010 3374 Actioautemillavel
1023 3298 1173 3374 omissio
1187 3299 1327 3396 injustia

287 3409 443 3498 dicitur;
472 3422 517 3486 ut
543 3410 641 3486 idem
668 3411 876 3510 significent
903 3411 1058 3510 injurio,
1088 3425 1124 3488 et
1149 3413 1246 3488 actio
1267 3411 1327 3486 vel
1413 3423 1414 3428 ’

287 3524 434 3601 omissio
452 3525 606 3622 injusto,
623 3537 732 3624 utque
749 3538 904 3624 utraque
921 3525 1019 3602 idem
1037 3525 1137 3625 qnod
1153 3525 1252 3626 pacti
1267 3523 1328 3598 vel

273 3637 377 3736 fidei
411 3637 578 3714 uiolatio.
634 3639 862 3738 Videturque
897 3639 1045 3737 injurie
1077 3663 1214 3716 nomen
1242 3637 1329 3714 inde

288 3751 425 3828 actioni
441 3751 500 3826 vel
522 3753 711 3829 omissioni
728 3753 852 3844 tribui,
872 3753 959 3850 quia
973 3753 1055 3830 sine
1062 3753 1156 3848 jure
1180 3764 1246 3844 est,
1265 3765 1330 3826 nt·

286 3877 373 3965 pote
399 3865 499 3966 qood
523 3866 570 3941 ab
594 3889 650 3958 co,
673 3867 736 3966 qui
758 3865 837 3964 ogit
855 3866 915 3942 vel
935 3867 1084 3958 omittit,
1109 3867 1330 3942 translatum
1412 3875 1413 3922 i

287 3990 398 4055 antea
420 3979 458 4054 in
482 3977 594 4053 alium
615 3979 748 4054 fuerut.
798 3979 848 4054 Et
864 3992 921 4054 est
940 3979 1141 4056 similitudo
1160 3977 1330 4081 quadam

286 4091 383 4168 inter
398 4093 449 4184 id,
467 4091 567 4191 quod
582 4091 620 4167 in
639 4093 715 4168 vitu
731 4093 916 4169 communi
933 4106 1088 4170 vocatur
1105 4094 1267 4192 injuria:
1288 4105 1332 4166 et

287 4203 337 4298 id,
352 4204 451 4304 quod
462 4205 500 4281 in
518 4205 651 4282 scholis
663 4207 755 4282 solet
768 4207 943 4306 appellari
957 4207 1170 4284 eberardum.
1189 4208 1330 4284 Quem-
