2912 4912
490 315 543 366 nu
565 315 809 369 nuurcronn.
1102 299 1169 366 129

124 503 239 553 causa
254 493 448 576 praetereo,
473 483 686 574 tacuissent,
709 483 915 580 potuissent
932 507 1021 580 quas
1037 483 1171 556 lucrati
1208 513 1306 564 scor.
1321 513 1363 566 11.

124 604 233 666 erant
250 594 420 668 retinere.
474 596 584 677 Quod
601 596 649 670 ed
665 597 818 670 alteram
835 593 1095 672 mutandarum
1111 620 1171 670 rc-
1211 591 1355 695 „L

123 707 307 802 ligionum
318 731 466 781 causam
480 709 624 797 attinet,
642 733 774 806 nempe
788 733 920 800 mores,
932 709 1168 784 manifestum
1181 731 1384 810 quanqum

124 830 182 893 est
205 821 391 893 neminem
418 845 439 893 e
469 822 581 918 vidgo
607 823 660 895 ita
684 847 762 896 esse
789 822 987 920 stupidum,
1014 835 1058 896 ut
1084 847 1170 897 cum
1181 797 1272 856 ΨΜ
1288 803 1382 844 Μ

125 934 243 1022 illum,
257 934 320 1029 qui
331 934 480 1008 credere
494 935 601 1031 jubet
613 959 670 1008 res
684 935 820 1032 alioqui
833 935 977 1009 creditu
991 935 1169 1026 difficiles,

125 1047 180 1119 ita
195 1047 319 1120 vivere
336 1047 470 1120 viderit
486 1072 530 1121 ac
548 1048 578 1122 si
599 1047 677 1144 ipse
701 1072 777 1122 non
800 1048 979 1139 crederet,
1004 1073 1078 1122 non
1100 1049 1170 1122 im-

125 1172 315 1256 postorem
340 1171 457 1257 putet,
484 1171 522 1233 et
548 1160 733 1235 credenda
758 1185 833 1234 non
860 1185 937 1234 esse
962 1185 1044 1257 quae
1067 1163 1169 1238 credi

120 1275 247 1370 jubet;
284 1274 489 1369 praesertim
507 1274 548 1363 si,
567 1283 609 1346 ut
626 1273 686 1347 ille
704 1274 842 1360 credat,
855 1275 1001 1370 jubenti
1019 1275 1169 1350 credere

125 1388 175 1461 sit
191 1388 293 1460 utile.
348 1387 386 1460 Si
404 1387 562 1461 doceant
578 1411 679 1484 ergo,
703 1398 747 1460 ut
762 1388 899 1483 ubique
923 1388 1069 1476 docent,
1089 1413 1168 1462 cre-

126 1501 295 1573 dentium
316 1524 395 1574 esse
415 1501 535 1575 minus
559 1524 688 1574 avaros
714 1524 792 1574 esse
816 1525 926 1596 quam
946 1501 1021 1588 alii,
1046 1501 1168 1574 minus

124 1614 351 1702 ambitiosos,
382 1615 502 1688 miuus
537 1615 724 1710 superbos
754 1613 875 1688 minus
909 1615 1074 1688 sensibus
1108 1616 1167 1687 in-

125 1728 290 1824 dulgere,
314 1728 433 1801 minus
452 1751 491 1801 se
508 1727 713 1800 immiscere
731 1728 888 1824 negotiis
905 1727 1111 1816 mundanis,
1129 1727 1168 1802 id

124 1853 183 1914 est
210 1840 391 1929 civilibuS,
436 1842 555 1915 minus
589 1842 795 1929 convitiari,
837 1843 958 1916 minus
990 1840 1167 1931 invidere,

125 1955 243 2050 magis
266 1977 377 2050 quam
399 1953 460 2026 alii
481 1954 593 2028 corde
619 1953 774 2050 simplici
800 1977 892 2044 csse,
916 1953 956 2026 id
979 1965 1035 2027 est
1051 1953 1168 2050 magis

125 2077 284 2164 apertos,
316 2065 431 2162 magis
461 2067 727 2155 misericordes
759 2067 876 2164 magis
904 2090 1064 2156 veraces,
1098 2091 1168 2141 nec

124 2193 251 2254 tamen
268 2180 338 2276 ipsi
355 2181 446 2253 tales
462 2181 548 2270 sint,
580 2205 655 2252 non
674 2179 811 2254 debent
827 2181 1004 2277 conqueri
1020 2181 1051 2254 si
1075 2181 1167 2255 fides

124 2295 196 2368 illis
213 2304 345 2391 postea
361 2319 437 2367 non
449 2294 679 2368 adhibeatur.
722 2293 904 2389 Equidem
921 2293 1022 2390 quod
1038 2293 1167 2391 religio

113 2407 338 2482 Christiana
360 2419 526 2503 tempore
552 2415 762 2480 sanctorum
783 2406 1031 2502 apostolorum
1053 2406 1168 2502 insig-

124 2522 223 2596 uiter
246 2520 416 2607 creverit,
440 2521 480 2594 in
502 2544 635 2616 magna
657 2530 763 2616 parte
784 2517 903 2594 causae
925 2519 1038 2593 fuisse
1056 2519 1166 2592 credo

124 2635 360 2709 sacerdotum
378 2634 607 2708 ethnicorum
625 2633 739 2706 vitam
761 2657 836 2706 non
858 2645 1035 2707 sanctam.
1088 2633 1167 2705 Sci-

125 2749 212 2822 licet
228 2760 367 2844 praeter
383 2745 474 2820 vitia
491 2771 575 2822 cum
586 2746 697 2842 vulgo
710 2745 782 2818 illis
795 2745 1015 2834 communia,
1028 2743 1168 2818 immis-

125 2864 260 2937 cebant
278 2886 316 2935 se
339 2861 528 2934 civitatum
552 2859 650 2932 inter
673 2883 712 2932 se
735 2857 1016 2942 controversiis3
1045 2866 1168 2930 custo-

126 2975 348 3071 diebantque
365 2975 463 3048 Deos
480 2973 789 3071 quemadmodum
805 2973 968 3046 nutrices
982 2970 1168 3044 custodire

125 3087 287 3162 infantes
305 3087 441 3170 solent;
458 3085 632 3159 nimirum
649 3109 695 3158 ne
714 3085 895 3181 cuiquam,
908 3084 980 3157 nisi
993 3107 1101 3180 quem
1115 3081 1169 3155 illi

124 3203 266 3290 volunt,
291 3198 339 3272 ad
355 3199 438 3272 illos
454 3222 622 3272 accessus
640 3198 698 3288 sit,
723 3209 788 3271 aut
805 3222 1026 3294 quemquam
1043 3207 1167 3270 ament

125 3316 196 3388 nisi
234 3339 258 3386 a
295 3312 422 3408 seipsis
465 3312 773 3386 commendatum.
850 3310 1168 3384 Commendabant

125 3443 249 3503 cutem
266 3427 432 3501 homines
458 3426 559 3500 avari
584 3451 646 3500 eos
664 3424 773 3514 solos,
791 3450 813 3500 a
831 3425 962 3520 quibus
987 3422 1169 3498 beneficia

126 3542 367 3639 accipiebant.
