2896 4914
298 307 344 382 12
682 318 736 382 nn
755 317 939 371 neurus.

100 521 201 582 pace,
217 520 255 571 n.
342 486 476 560 Coroll.
493 508 538 559 11.
565 486 754 559 Doctrinae
771 487 858 559 huic
875 509 1102 583 consequens
1118 505 1270 582 quoque¹
1281 498 1340 560 cst

79 667 85 694 ,
107 599 249 704 „L
290 600 373 688 hoc,
397 599 513 672 lineas
527 597 678 671 subtiles
692 599 1041 696 superficierumque
1055 601 1231 674 terminos
1250 625 1339 673 con-

141 699 144 704 *
288 712 370 786 fuse
389 735 580 808 apparere,
634 712 729 785 Item
751 714 951 809 pulverem,
969 737 1014 786 ex
1031 714 1183 786 minutis
1200 715 1338 810 pulvis..

289 827 381 908 culis
396 826 640 922 compositum
654 827 881 900 diversorum
891 828 1180 917 colorum,unius
1192 838 1337 900 tautum

291 939 423 1013 coloris
436 963 481 1012 ex
495 939 565 1015 illis
584 940 779 1035 compositi
792 963 981 1036 apparere.
1160 1023 1163 1030 ¹

77 1067 276 1144 vnipmsconruuo
340 1062 375 1126 4.
403 1053 579 1125 Manente
596 1052 736 1148 pupilla
752 1063 790 1124 et
815 1053 970 1125 humore
987 1052 1189 1125 cristallino
1204 1053 1336 1126 iisdem

78 1134 276 1178 “mmm
289 1176 327 1240 et
343 1167 382 1239 in
401 1166 529 1239 eadem
546 1166 721 1239 distantia
738 1190 760 1238 a
775 1166 892 1239 fundo
918 1167 1015 1240 oculi
1034 1168 1076 1255 B,
1095 1167 1125 1239 si
1142 1167 1265 1239 retina
1288 1169 1336 1241 sit

289 1279 417 1375 figurae
435 1278 581 1376 quidem
599 1279 798 1375 sphaericae,
811 1279 876 1352 sed
893 1280 1046 1375 sphaerae
1060 1279 1224 1368 minaria,
1245 1304 1333 1376 qua-

289 1391 333 1466 lis
352 1403 408 1464 est
426 1392 467 1463 M
479 1391 509 1462 B
523 1391 552 1479 I,
572 1391 738 1464 confusio
761 1391 832 1464 erit
858 1392 897 1463 iu
924 1393 1025 1464 omni
1042 1403 1180 1488 puncto
1199 1394 1337 1488 objecti

290 1501 410 1590 adhuc
437 1505 566 1599 major.
619 1503 715 1576 Nam
734 1514 901 1578 centrum
926 1506 1056 1578 retinae
1082 1506 1232 1602 propius
1265 1507 1335 1579 erit

289 1619 338 1691 ad
362 1618 517 1698 fundum
535 1617 578 1707 B,
595 1629 686 1713 puta
702 1619 742 1690 in
770 1619 830 1702 H;
858 1619 970 1691 ducta
998 1643 1085 1714 crgo
1103 1619 1182 1692 DG
1197 1644 1264 1715 per
1284 1619 1334 1710 H,

289 1731 474 1804 videbitur
491 1732 674 1827 objectum
685 1732 719 1803 A
729 1731 768 1802 in
782 1731 860 1804 HG
876 1731 1021 1826 longius
1039 1733 1086 1804 ab
1104 1756 1183 1806 axe.
1230 1733 1334 1805 Idem

289 1844 433 1917 accidet
451 1844 481 1916 si
499 1844 573 1917 AC
590 1853 731 1917 secaret
748 1868 853 1916 axem
879 1845 1094 1940 priusquam
1119 1846 1262 1918 veniret
1288 1847 1336 1920 ad

289 1957 461 2040 retinam;
489 1955 555 2029 sed
571 1967 659 2028 tunc
677 1969 871 2052 appareret
889 1957 979 2029 Acx
997 1957 1114 2029 altera
1129 1971 1234 2053 parte
1245 1960 1334 2031 axis.

341 2071 493 2158 RursuS,
521 2079 694 2142 manente
710 2069 831 2165 figura
847 2069 989 2157 retinae,
1008 2070 1040 2142 si
1064 2069 1237 2144 refractio
1256 2096 1334 2144 ma-

286 2185 348 2279 jor
363 2183 421 2256 vel
448 2183 569 2255 minor
587 2194 693 2271 esset,
712 2183 788 2256 sive
811 2182 850 2254 id
873 2182 1064 2278 contingat
1081 2207 1104 2255 a
1120 2185 1260 2278 majore
1277 2185 1336 2258 vel

216 2321 218 2326 ·
290 2297 432 2368 minore
456 2295 653 2368 humorum
679 2296 921 2383 contumacia,
940 2295 1015 2368 sive
1042 2319 1087 2368 ex
1113 2298 1251 2391 majore
1277 2299 1336 2370 vel

291 2408 432 2481 minore
461 2408 625 2481 humoris
660 2397 849 2488 cristallini
875 2399 1110 2504 gibbositate,
1129 2410 1188 2482 vel
1214 2411 1245 2482 si
1263 2411 1333 2484 dis-

290 2521 408 2594 tantia
424 2523 542 2616 maj0r
570 2532 665 2595 esset
693 2522 752 2595 vel
782 2523 903 2596 minor
920 2522 1084 2595 humoris
1104 2523 1297 2596 cristallini
1315 2549 1336 2597 a

291 2635 422 2724 retina,
440 2635 558 2729 major
588 2635 658 2708 erit
685 2659 829 2732 semper
852 2635 1029 2708 confusia
1082 2635 1180 2709 Nam
1197 2646 1334 2732 quanta

291 2748 464 2822 refractio
478 2750 595 2845 major
609 2759 676 2839 est,
686 2759 792 2822 tanto
810 2749 923 2822 citius
936 2748 1060 2821 radius
1078 2749 1246 2844 obliquus
1261 2751 1334 2824 AC

292 2888 398 2936 axem
429 2875 540 2952 secat,
571 2863 610 2936 id
645 2875 700 2936 est
735 2863 911 2959 angulum
945 2885 1030 2942 cum
1059 2886 1127 2935 axe
1158 2865 1334 2958 majorem
1369 2873 1374 2880 '

293 2977 415 3049 efficit.
468 2977 595 3071 Itaque
629 2976 727 3048 linea
757 2975 904 3049 visualis
932 2999 998 3070 per
1029 2988 1197 3052 centrum
1225 2976 1337 3049 ducta

292 3091 469 3184 majorem
487 3111 631 3183 quoque
656 3088 831 3184 angulum
848 3087 980 3160 efficiet
1004 3112 1089 3161 cnm
1107 3088 1238 3162 eodem
1256 3115 1333 3162 axe.

294 3202 423 3297 Itaque
436 3200 584 3274 demum
596 3201 740 3297 longius
752 3202 799 3274 ab
813 3224 879 3273 axe
892 3200 1076 3274 videbitur
1090 3213 1271 3298 punctum
1289 3205 1333 3275 A.

292 3317 341 3388 Et
368 3326 506 3412 quanto
541 3313 660 3386 minor
683 3325 738 3387 est
760 3313 943 3403 refracti0,
969 3324 1074 3388 tanto
1100 3317 1333 3410 punctumD

292 3428 438 3524 longius
464 3426 602 3499 recedit
620 3451 642 3498 a
658 3439 796 3523 puncto
816 3428 857 3514 B,
875 3436 913 3500 et
943 3427 994 3500 sic
1013 3452 1160 3524 quoque
1178 3428 1334 3526 angulus

293 3565 376 3614 cum
406 3564 472 3612 axe
497 3540 536 3613 in
558 3551 685 3613 centro
704 3541 822 3635 major
838 3541 904 3624 fit;
931 3543 1196 3638 apparebitque
1225 3543 1260 3614 A
1277 3567 1334 3615 re-

291 3654 426 3726 motius
446 3654 492 3726 ab
509 3678 588 3743 axe,
606 3652 671 3727 sed
689 3678 734 3726 ex
747 3652 863 3726 altera
879 3668 983 3750 parte
1002 3656 1090 3750 ejus.
1144 3655 1333 3741 Similiter,

292 3789 364 3862 quo
390 3766 605 3839 remotiora
634 3768 754 3842 retina
782 3778 837 3840 est
868 3768 1001 3840 humor
1028 3768 1262 3858 cristallinus,
1290 3793 1334 3842 eo

291 3879 436 3975 longius
453 3902 476 3950 a
491 3890 629 3976 puncto
648 3880 691 3969 B,
709 3892 877 3976 exparte
895 3882 973 3976 ejus
997 3881 1184 3971 alterutra,
1203 3882 1336 3956 incidit

292 3994 331 4067 in
348 3993 504 4066 retinam
521 3993 643 4066 radius
661 3995 741 4083 AC,
757 4007 795 4067 et
809 3995 852 4067 fit
870 3995 1025 4090 angulus
1043 4019 1127 4067 cum
1144 4019 1212 4067 axe
1229 4006 1335 4069 utro-

291 4107 384 4180 bivis
401 4108 529 4203 major.

342 4219 474 4293 Coroll.
492 4243 518 4293 ι.
548 4221 724 4294 Senectus
735 4220 859 4314 igitur,
874 4219 949 4291 sive
964 4220 1149 4293 contrahit
1163 4222 1335 4295 ariditate
