2828 4912
412 327 466 380 on
485 325 672 396 vrsroun,
692 323 779 380 nro·
1043 305 1091 387 73

77 491 182 590 oberti
214 491 306 568 ΟΝ.
375 493 442 568 llst
471 491 584 592 igitur
612 495 644 569 0
671 503 848 592 punctum
877 491 913 566 in
944 513 1030 590 quc,
1060 489 1088 566 si
1128 523 1279 578 suumn,
1395 511 1396 516 ’

76 607 177 680 unlus
195 615 293 682 esset
308 603 346 680 in
373 605 465 696 OD,
480 605 663 704 moduota
678 629 795 704 usque
820 605 867 681 aa
892 605 1089 704 objectum,
1130 605 1272 708 „⁸⁴

76 719 113 792 ita
126 729 160 794 nt
177 717 317 794 dictum
335 727 403 811 est,
421 731 613 812 remotum,
638 717 730 794 visio
754 718 889 818 objecti
908 717 1007 818 quod
1023 743 1090 818 po-
1104 741 1176 787 rma.

75 831 151 906 nitor
166 831 206 906 in
224 831 303 930 ipso
320 831 397 924 01,
415 841 659 908 evanesceret.
711 831 777 906 Est
794 827 907 931 igitur
925 833 957 907 0
974 855 1090 930 punc·
1102 807 1271 931 'misse

74 955 132 1018 tun
148 943 412 1020 evanescentia
433 955 602 1043 respectu
628 943 723 1020 omli
751 943 920 1020 collocati
947 945 984 1020 in
1012 937 1286 1022 OD'“¹⁰'''¹'¹'⁶'⁸”‘

74 1069 230 1152 quantum
244 1055 398 1132 satisest
409 1057 613 1155 producta;
640 1055 824 1150 nimirum,
839 1057 868 1132 si
883 1057 973 1134 visio
984 1057 1090 1134 intel·

74 1169 460 1263 ligatnrdirectanullo
473 1171 690 1270 intentosito
704 1169 861 1270 dioptro.
906 1171 998 1248 Etsi
1012 1173 1091 1271 qui-

73 1283 135 1358 tm
144 1285 193 1360 ab
204 1285 338 1383 oltjecti
351 1284 402 1361 ita
411 1285 541 1360 remoti
553 1283 704 1360 <liversis
714 1285 860 1383 punctis
871 1285 1092 1362 ducerentur

72 1409 163 1472 rectae
173 1397 353 1496 quotlibet
369 1397 417 1474 ed
433 1397 853 1498 comodamente
870 1397 965 1474 icem
977 1423 1092 1498 pune

72 1521 131 1584 tum
150 1509 184 1586 0
200 1523 378 1610 punctum
400 1511 664 1588 evanescentia
687 1523 854 1610 respectu
873 1511 970 1588 oculi
983 1513 1091 1611 positi

72 1621 98 1696 in
113 1623 154 1714 ll,
172 1623 283 1698 modo
298 1623 439 1699 nullom
457 1635 554 1699 esset
570 1623 825 1722 interpositum
844 1622 1041 1723 ‹lioptrum

109 1735 178 1812 sec
194 1737 315 1835 posito
330 1737 475 1836 dioptro
494 1737 524 1813 B
539 1737 583 1828 C,
608 1749 646 1812 et
662 1738 842 1836 producto
857 1739 894 1813 in
913 1737 1092 1813 directum

71 1849 159 1925 radio
189 1849 255 1925 lH
283 1861 327 1926 ut
354 1861 525 1926 occurrat
550 1851 624 1926 ΑΡ
648 1849 684 1925 in
717 1851 756 1943 P,
781 1853 847 1927 liet
876 1849 951 1926 ΑΡ
977 1851 1094 1948 major

71 1985 163 2058 «litam
182 1962 244 2039 01
262 1975 413 2062 propter
427 1963 684 2046 retractionem
702 1963 739 2038 in
755 1963 912 2063 dioptro.
964 1963 1093 2062 ltaque

71 2101 123 2170 pro
139 2099 184 2152 eo
202 2074 301 2174 quod
318 2076 356 2151 in
374 2075 512 2152 visione
523 2074 664 2152 directa
673 2075 829 2152 sumitur
843 2077 879 2152 in
896 2079 926 2151 Α
941 2077 1093 2168 Proeto,

72 2201 101 2262 ut
116 2191 146 2264 Α
159 2187 199 2282 Ζ,
219 2189 370 2288 aequalis
386 2189 532 2288 objecto
549 2191 624 2282 01,
643 2189 800 2265 sumitur
817 2188 854 2266 in
873 2191 1011 2266 risione
1028 2213 1096 2289 per

70 2301 244 2400 ‹lioptrum
271 2301 418 2377 inverso
439 2300 557 2400 ipsum
584 2301 667 2376 ΛΡ.
720 2301 842 2378 Docta
867 2303 981 2402 igitur
1011 2302 1094 2394 ΡΟ,

71 2413 97 2487 in
119 2438 163 2490 eu
187 2413 371 2490 videbitur
396 2413 530 2490 alicubi
556 2425 734 2512 punctum
750 2416 789 2502 1;
815 2439 900 2491 nam
927 2414 956 2490 si
987 2415 1095 2490 intel-

70 2529 192 2624 ligatur
207 2527 386 2604 removeri
405 2551 428 2603 a
444 2527 589 2626 dioptrc
612 2527 796 2626 objectum
822 2531 884 2606 01
910 2531 1007 2604 inter
1030 2551 1095 2626 pa-

70 2641 200 2717 rallelas
217 2639 309 2732 Ol),
336 2640 405 2716 lM
430 2651 607 2740 quantum
625 2665 717 2740 opus
735 2652 801 2732 est,
829 2663 972 2742 semper
989 2640 1096 2716 dimi·
1218 2717 1223 2730 ,

69 2765 191 2830 nuetur
206 2753 362 2852 angulus
375 2777 484 2846 quern
498 2753 638 2829 laeiunt
648 2753 685 2828 in
699 2752 957 2830 intersectione
970 2751 1095 2829 rurlius

70 2867 126 2940 lll
150 2879 187 2944 et
212 2867 291 2943 oris
316 2867 393 2942 DA
408 2899 418 2952 t
444 2878 483 2942 et
499 2891 565 2966 per
583 2889 810 2966 consequens
827 2891 971 2966 semper
988 2865 1095 2941 ‹limt-

70 2989 192 3055 nuetur
209 2979 365 3076 angulus
383 2979 537 3056 visorlus
554 2979 671 3056 donee
688 2979 834 3078 penitus
855 2977 1024 3054 ‹lumeniat
1041 2977 1097 3053 in-

69 3091 238 3168 sensibilis
251 3093 290 3168 in
307 3095 353 3185 0,
368 3093 583 3170 coeuntibus
598 3093 737 3168 scilicet
749 3093 860 3169 rectis
879 3093 894 3168 l
908 3093 943 3168 H
960 3103 998 3168 et
1011 3093 1044 3167 0
1056 3093 1095 3166 F.

71 3203 253 3281 videbitur
280 3228 369 3303 ergo
394 3228 538 3304 semper
561 3217 739 3304 punctum
767 3206 782 3281 l
809 3205 848 3282 in
874 3217 977 3282 recto
1002 3205 1096 3291 P();

69 3317 238 3394 sedidem
255 3329 433 3418 punctum
451 3319 468 3394 l
486 3318 631 3394 videtur
645 3342 789 3417 semper
804 3317 841 3395 in
860 3317 989 3395 visuali
1007 3317 1038 3394 Α
1053 3319 1096 3394 (l.

71 3431 254 3508 videbitur
270 3453 360 3531 ergo
376 3431 423 3507 od
441 3431 735 3507 intersectionem
754 3431 791 3506 in
814 3433 859 3507 R.
912 3431 1098 3524 Similiter,

70 3543 240 3640 producut
261 3545 297 3620 N
313 3545 343 3620 b
357 3567 473 3643 usque
490 3543 538 3619 ad
555 3567 746 3620 occursum
764 3555 878 3622 rectae
903 3545 977 3620 ΑΡ
993 3545 1031 3620 in
1051 3547 1098 3638 a,

70 3669 106 3730 et
121 3655 227 3734 dueta
245 3659 282 3735 Q
292 3660 338 3747 0,
355 3655 557 3758 apparebit,
573 3673 725 3757 propter
739 3659 892 3734 eundem
906 3659 1098 3750 rationem,

72 3781 237 3864 nunctum
253 3771 289 3846 N
307 3771 345 3846 in
364 3769 620 3848 intersectione
640 3774 719 3849 ΩΟ
735 3784 773 3847 et
790 3771 822 3848 Α
837 3773 868 3848 Κ
896 3772 1097 3872 producta,

76 3881 242 3960 Ponaum
261 3895 384 3960 autem
407 3885 442 3960 0
464 3883 647 3959 videbitur
663 3883 701 3959 in
717 3908 796 3976 une,
824 3885 910 3982 quia
931 3883 1010 3960 anis
1033 3909 1098 3984 op-

74 3995 159 4072 ticus
171 4021 245 4074 non
259 3995 487 4096 retringitur.
528 3997 663 4073 'lotum
677 4019 765 4096 ergo
782 4000 815 4073 0
827 3999 862 4073 N
874 3997 890 4072 l
909 3999 1100 4097 apparebit

75 4107 205 4186 inverse
222 4111 261 4186 in
280 4107 404 4186 RST.
457 4111 632 4188 Inventus
644 4133 732 4209 ergo
746 4110 916 4188 estlouus
930 4111 1100 4210 imaginis

75 4221 226 4318 inemec,
245 4235 316 4301 etc.
370 4223 482 4302 cuod
500 4235 579 4302 erut
595 4223 814 4300 laciendum.
