2828 4912
457 307 512 362 ne
530 307 776 362 nsnrcrosn.
1068 295 1138 363 123

90 473 224 571 singuli
241 473 400 549 abitrio
427 499 507 551 suo.
559 475 732 551 Publicus
748 487 816 567 est,
834 499 944 573 quem
962 473 1139 548 exhibent

91 589 201 662 iidem
215 589 326 684 jussu
343 589 515 664 civitatis.
567 591 735 664 Privatus
759 613 886 664 rursus
901 589 960 662 vel
986 589 1033 662 ab
1060 611 1137 660 uno

91 715 246 791 secreto,
263 701 323 776 vel
335 725 360 775 a
374 701 540 799 pluribus
557 703 722 778 collectis
740 703 956 786 exhibetur;
982 723 1137 798 quorum

91 815 153 888 ille
178 814 333 911 pietatis
362 815 517 890 sineerae
545 817 692 913 signum
719 827 798 902 est;
834 839 1011 912 quorsum
1039 813 1137 887 enim

90 927 266 1001 simulare
295 926 349 1000 illi
377 929 441 1025 qui
469 952 495 1002 a
521 929 669 1003 nemine
684 929 843 1020 videtur,
860 928 931 1004 nisi
948 929 995 1002 ab
1013 951 1058 1001 eo
1074 927 1137 1023 qui

91 1041 365 1115 simulationem
399 1041 512 1114 etiam
534 1041 663 1116 videt?
689 1043 751 1116 hio
769 1041 961 1116 simulatus
981 1041 1040 1114 vel
1062 1063 1140 1114 am·

90 1155 248 1228 bitiosus
272 1179 351 1228 esse
373 1167 507 1252 potest.
559 1155 603 1229 ln
628 1155 732 1230 cultu
757 1169 901 1230 secreto
921 1155 1139 1229 ceremoniae

91 1269 205 1342 nulla
221 1281 322 1342 sunt.
373 1267 609 1343 Ceremonias
638 1269 783 1366 appello
810 1291 963 1366 operum
990 1268 1139 1365 pietatis

92 1383 202 1478 signa
221 1381 298 1471 illa,
316 1405 400 1478 quae
426 1406 502 1457 non
521 1407 546 1457 a
568 1393 704 1458 natura
725 1383 846 1480 operis
869 1383 1051 1472 oriuntur,
1074 1383 1140 1456 sed

91 1497 137 1568 ab
152 1495 311 1569 arbitrio
321 1495 504 1584 civitatis;
530 1519 617 1572 nam
630 1507 843 1593 precantem
853 1496 913 1569 vel
923 1495 1138 1569 adorantem

90 1609 338 1705 procumbere
353 1610 411 1682 vel
436 1633 561 1706 genua
586 1609 735 1684 flectere
761 1633 830 1706 pro
847 1608 954 1704 signo
969 1606 1140 1681 humilia-

91 1722 208 1796 tionis
224 1733 264 1795 et
289 1723 531 1818 subjectionis
558 1746 683 1798 eoram
709 1723 801 1813 Deo,
819 1722 990 1797 omnibus
1006 1735 1141 1795 natura

92 1833 210 1922 dedit,
227 1834 362 1931 quibus
379 1859 458 1909 esse
485 1837 606 1910 Deum
633 1835 737 1910 dedit
752 1833 914 1910 credere.
966 1836 1010 1908 ln
1038 1835 1140 1908 cultu

91 1949 239 2045 privato
250 1947 412 2045 plurium
425 1949 534 2022 simul
549 1949 769 2022 ceremoniae
781 1972 860 2022 mm
872 1961 1040 2044 possunt,
1055 1947 1142 2045 quia

91 2075 253 2158 possunt
268 2061 369 2135 inter
385 2061 485 2136 sede
503 2061 639 2136 decoro
652 2061 809 2135 aetionis
822 2061 1027 2135 communis
1042 2085 1142 2134 eom-

91 2175 258 2248 muniter
274 2187 461 2260 statuere;
485 2175 597 2249 modo
614 2175 705 2248 nihil
730 2173 869 2248 faciant
895 2187 1026 2249 contra
1041 2176 1141 2271 leges

92 2287 267 2362 civitatis.
308 2287 383 2360 Sed
399 2287 504 2362 locus
519 2287 582 2360 hie
599 2299 656 2360 est
672 2299 712 2360 et
727 2287 1011 2362 invitamentum
1029 2288 1142 2360 simu-

91 2401 256 2489 lationis,
283 2423 367 2496 quae
396 2413 522 2474 tamen
549 2399 747 2496 aliquando
764 2400 874 2497 eulpa
890 2415 1009 2474 vacat.
1062 2401 1142 2474 Ho

91 2515 213 2588 mines
231 2513 344 2604 enim,
362 2513 393 2587 si
420 2513 592 2587 inunum
619 2513 741 2586 locum
769 2513 1010 2588 convenerint
1036 2515 1143 2587 multi

92 2627 217 2716 simul,
243 2625 384 2701 babent
408 2625 482 2700 hoe
500 2649 523 2700 a
540 2637 675 2700 natura
690 2625 951 2716 multitudinis,
968 2639 1012 2700 ut
1028 2651 1052 2701 a
1067 2627 1143 2700 sin-

91 2741 192 2836 gulis
207 2739 333 2814 timeri
352 2739 479 2830 velint,
504 2739 766 2837 postulentque
778 2753 823 2814 ut
834 2765 945 2815 nemo
958 2765 1079 2838 neque
1095 2741 1144 2815 ad

92 2855 190 2944 illos,
212 2877 336 2949 neque
364 2877 490 2928 eoram
513 2853 586 2928 illis
616 2854 832 2946 scurriliter,
859 2855 1142 2946 inconsiderate,

91 2967 246 3057 rustice,
264 2965 520 3063 incomposite,
543 2978 714 3057 autnon,
732 2981 912 3063 quantum
929 2968 983 3042 illi
1006 2969 1143 3042 intelli-

91 3093 199 3174 gunt,
219 3079 453 3153 ornatissime
463 3079 649 3176 loquatur,
663 3104 734 3154 neo
744 3105 820 3156 non
832 3095 979 3178 gestum
991 3083 1144 3179 exigunt

91 3193 273 3266 decorum
289 3193 484 3288 gramme,
502 3205 541 3266 et
558 3193 658 3288 quali
676 3217 786 3268 nemo
802 3195 921 3269 utitur
938 3196 1037 3270 domi
1054 3221 1142 3272 suae.

91 3307 336 3402 Quapropter
352 3305 417 3397 illi,
436 3307 500 3404 qui
517 3306 566 3380 ad
582 3307 859 3382 multitudinem
875 3311 933 3383 vel
951 3309 989 3384 in
1016 3335 1143 3384 eorum

90 3419 295 3515 praesentia
312 3419 457 3494 cacteris
474 3419 645 3493 omnibus
671 3421 879 3496 tacentibus
895 3423 1068 3520 loquitur,
1086 3425 1142 3496 in-

90 3533 247 3608 duenda
254 3555 427 3631 persona
444 3549 501 3608 est
513 3533 662 3631 gravior
678 3535 913 3633 sanctiorque
930 3563 1041 3635 quam
1055 3539 1144 3612 alio-

91 3647 158 3742 qui
176 3645 340 3732 faceret3
367 3671 451 3744 quae
481 3646 622 3744 species
653 3646 802 3742 quidem
832 3649 1059 3726 histrionicas
1075 3665 1144 3743 est,

90 3759 160 3833 sed
175 3759 287 3856 culpa
301 3771 422 3850 vacat,
440 3759 496 3833 ita
512 3759 653 3834 scilieet
669 3761 882 3857 postulante
894 3763 1145 3856 multitudine,

89 3871 251 3968 singulis
266 3871 385 3946 multo
401 3873 623 3969 potentiore.

1176 509 1272 560 sset.
1286 509 1324 559 11.

1176 587 1321 693 L

142 3985 342 4059 stultus
357 3985 579 4083 publicus
551 4011 631 4062 sine
648 3993 865 4066 ceremoniis
889 4013 968 4065 esse
985 4015 1060 4064 non
1077 3999 1260 4127 pommus„
1178 4003 1240 4048 ¹¹⁰2st

89 4109 200 4180 teon
224 4121 308 4171 nam
330 4097 453 4172 cultus
478 4099 674 4196 publicus
663 4127 695 4176 rs
723 4117 791 4195 est,
815 4127 925 4201 quem
941 4104 981 4178 in
997 4081 1188 4202 signumpu

90 4209 219 4285 babiti
246 4209 396 4286 honoris
420 4211 500 4287 Deo
527 4215 690 4290 exbiberi
714 4219 761 4292 ab
791 4217 961 4293 omnibus
991 4219 1144 4310 civibus,
