2912 4912
158 280 224 346 152
447 294 731 345 rnurarro‘au
751 295 971 351 nnoronus.

154 497 216 594 qui
231 495 460 593 magistratui
473 497 570 570 oivili
580 497 746 572 subditos
758 521 837 572 sese
852 522 931 572 esse
944 497 1272 586 nolunt,'ouerum-

154 655 224 743 que
240 647 465 744 publicorum
482 648 659 721 immunes
681 672 757 721 osse
773 649 919 738 volunt,¹
928 649 967 721 in
984 647 1131 721 civitate
1147 657 1271 720 tamen

153 821 243 888 esse,
260 810 369 895 atque
395 798 441 872 ab
459 822 502 871 ea
525 799 668 894 protegi
692 799 762 872 avi
779 810 818 872 et
844 799 984 896 injuriis
1000 796 1200 895 postulant,
1225 817 1271 866 ue

153 947 234 1022 iilos
249 949 363 1038 voires,
393 947 607 1022 sed'hostes
634 948 949 1046 exploratoresque
976 971 1052 1022 esse
1080 943 1271 1061 putaretis,

135 1113 138 1120 ’
154 1098 417 1196 noqueomnia,
431 1121 512 1194 quae
527 1097 580 1171 illi
594 1123 661 1195 pro
677 1098 790 1182 verbo
806 1100 877 1173 Dei
891 1098 993 1173 vobis
1003 1097 1066 1171 ·vel
1077 1096 1200 1193 palam
1214 1092 1273 1166 vel

80 1295 82 1302 s
135 1259 138 1269 '
155 1261 296 1326 secreto
311 1261 530 1347 proponunt,
544 1262 680 1325 temere
692 1252 913 1348 reciperetis.
950 1250 1122 1347 Apertius
1139 1248 1270 1321 dicam.

157 1403 196 1477 si
212 1402 293 1499 quis
306 1401 561 1491 concionator,
577 1401 636 1474 vel
661 1401 857 1490 confessor,
873 1401 932 1474 vel
955 1399 1112 1473 casuista
1137 1397 1274 1471 doetri-
1347 1499 1350 1504 Ι

155 1578 241 1628 nam
265 1553 373 1642 hano,
389 1576 570 1625 summum
585 1553 836 1648 imperantem,
853 1552 926 1624 imo
944 1549 1142 1647 quemlibet
1156 1547 1275 1621 homi-

139 1713 140 1720 ’
156 1722 250 1789 nem,
262 1699 401 1797 injussu
410 1702 543 1774 summi
557 1701 783 1797 imperantis,
796 1701 914 1796 jurea
930 1699 1009 1773 cive
1024 1697 1193 1787 interfici,
1212 1709 1276 1771 aut

155 1848 399 1962 rebellionem,
423 1852 722 1948 conjurationem,
739 1849 903 1923 foedusve
931 1847 1120 1944 quodlibet
1142 1847 1276 1921 civium

156 2007 285 2072 contra
308 2000 493 2074 civitatem
511 2003 593 2098 jure
617 2000 702 2086 iniri
727 2021 845 2096 posse,
861 1993 972 2071 verbo
989 1999 1059 2071 Dei
1088 2009 1277 2094 cousenta-

155 2171 265 2222 neum
281 2174 360 2225 esse
376 2152 520 2243 dixerit,
533 2152 585 2224 iili
597 2175 644 2225 ne
661 2150 869 2239 crederetis,
886 2149 952 2223 sed
967 2174 1107 2264 nomen·
1119 2150 1198 2246 ejus
1216 2149 1277 2222 de-

155 2299 389 2374 nunciaretis.
440 2302 533 2375 Haeo
550 2302 613 2399 qui
628 2300 771 2398 probat,
788 2301 820 2373 is
836 2323 959 2372 meum
972 2324 1115 2396 quoque
1132 2300 1171 2372 in
1189 2299 1277 2373 sori-

155 2447 275 2522 bendo
293 2451 485 2524 consilium
496 2452 652 2548 probum
669 2475 746 2525 esse
764 2449 997 2523 existimabit.

188 2593 403 2693 Postremo,
415 2621 482 2700 per
497 2612 616 2678 totam
631 2603 834 2677 orationem
859 2625 979 2674 meam
1001 2601 1151 2675 modum
1168 2602 1279 2675 talem

158 2753 443 2826 oonservaudum
469 2752 559 2825 mihi
574 2752 760 2848 proposui,
777 2751 896 2848 primo
913 2775 960 2824 ne
977 2750 1023 2824 de
1036 2750 1182 2848 justitia
1207 2753 1280 2824 siu-

157 2903 338 3000 gularium
354 2903 539 2976 actionum
555 2901 750 3000 quicquam
761 2900 1052 2991 determinarem,
1064 2901 1129 2975 sed
1138 2901 1280 2998 legibus

159 3053 473 3126 determinandum
484 3053 741 3150 relinquerem.
768 3050 921 3142 Deinde,
938 3052 1197 3148 nequicquam
1209 3052 1280 3125 dis-

160 3193 375 3276 sererem'de
389 3191 634 3298 cujuscunque
644 3202 801 3276 civitatis
811 3201 952 3298 legibus
964 3187 1163 3298 speciatim,
1169 3189 1280 3291 idest,

158 3373 206 3424 ne
223 3372 304 3447 quae
320 3350 404 3439 sint,
430 3350 495 3424 sed
511 3350 600 3447 quid
615 3343 689 3424 sint
704 3352 815 3448 leges,
833 3351 1003 3425 dicerem.
1074 3351 1212 3441 Tertio,
1235 3359 1280 3424 ne

160 3499 300 3574 civitati
308 3493 567 3575 aristocratioae
579 3501 637 3574 vel
648 3500 901 3575 democratioae
913 3501 1092 3575 minorem
1105 3525 1129 3574 a
1143 3487 1280 3574 civibus

161 3647 537 3724 obedientiam'deberi
548 3651 1115 3746 quammonarohicaeexistimare
1121 3649 1278 3724 viderer:

160 3799 247 3875 lieet
258 3801 617 3876 euim‘monarohiam
629 3801 771 3875 caeteris
782 3802 939 3876 civitatis
957 3802 1144 3899 speciebus
1162 3801 1280 3898 capite

161 3949 301 4024 decimo
318 3952 611 4026 commodiorem
627 3976 705 4026 esse
727 3952 951 4050 argumentis
974 3951 1281 4048 aliquot'suadere

162 4111 313 4176 oonatus
331 4102 398 4176 sim
412 4121 426 4188 ;'
449 4125 558 4199 quam
573 4118 651 4175 rem
663 4125 775 4178 uuam
787 4103 825 4177 in
841 4102 913 4176 hoo
929 4103 1023 4176 libro
1040 4125 1114 4175 non
1132 4100 1281 4175 demon·
