2864 4924
265 323 290 402 8
657 336 710 388 nn
731 335 912 389 nummu.
1419 3 1428 454 i

80 540 177 593 sucu.
193 541 230 590 rr.
264 520 371 582 tenus
401 531 444 581 ea
474 505 657 580 rationum
692 503 865 578 firmitate
894 501 1071 600 scriptum
1104 503 1164 593 sit,
1196 526 1305 599 quam

83 619 224 723 „L
265 621 418 718 exigunt
440 621 492 694 illi
516 619 579 717 qui
605 640 710 692 veras
733 639 856 690 rerum
873 640 999 690 causas
1017 617 1110 690 scire
1128 617 1304 712 cupiunt;

265 735 452 810 videamus
469 757 517 807 an
535 731 651 820 exiis,
670 755 753 826 quae
767 730 931 828 superius
949 730 1049 804 dicta
1063 741 1161 820 sunt,
1175 729 1306 804 harum

267 871 412 946 quoque
430 869 553 920 rerum
570 845 731 918 rationes
747 855 919 918 accurate
941 843 1131 941 supputari
1147 844 1305 940 possint.

74 1009 240 1056 mmm„
318 971 355 1036 2.
382 957 678 1056 Unumquodque
707 970 889 1055 punctum
918 957 1035 1032 visum
1065 959 1103 1031 in
1135 983 1180 1032 ea
1209 957 1307 1032 linea
1421 992 1427 1006 ·

73 1077 248 1186 uggnffijclgg}
268 1085 370 1148 recta
394 1083 558 1171 apparet,
583 1073 687 1168 cujus
712 1094 828 1144 unum
853 1084 1032 1168 punctum
1047 1065 1227 1146 'centrum
1254 1083 1310 1144 est

73 1157 251 1282 innuuntur·
269 1187 582 1277 retinaculorum
594 1185 632 1258 in
645 1183 837 1280 superficie
849 1184 938 1277 ejus,
951 1183 1311 1281 illudnempepunc-

74 1270 243 1330 h'mlmbm'
270 1311 350 1374 tum
378 1300 415 1373 in
449 1297 548 1396 quod
582 1295 772 1371 irradiatio
798 1321 820 1369 a
845 1308 983 1392 puncto
1008 1297 1087 1370 viso
1113 1297 1309 1371 derivatur.

270 1413 470 1488 Vocabitur
484 1421 607 1484 autem
632 1409 730 1483 linea
754 1409 816 1482 illa
836 1419 938 1482 recta
956 1409 1056 1483 linea
1074 1409 1244 1501 visualia,
1263 1421 1311 1500 et,

272 1527 303 1602 si
320 1525 468 1625 quidem
485 1524 549 1598 illa
565 1523 613 1597 sit
629 1523 678 1596 ad
702 1521 931 1619 superficiem
952 1521 1049 1596 oculi
1071 1522 1313 1620 perpendicu-

271 1641 370 1730 laris,
390 1639 476 1714 anis
494 1638 654 1737 opticus.

324 1755 380 1829 Sit
397 1751 523 1828 oculus
540 1750 592 1838 (in
609 1751 672 1847 fig.
696 1751 729 1843 Ι)
754 1748 929 1834 ΑΒΟΙ),
949 1749 1089 1847 pupilla
1114 1751 1157 1840 G,
1182 1749 1315 1823 humor

274 1867 504 1966 crystallinus
535 1865 572 1937 H
587 1865 636 1952 H,
668 1886 860 1959 processus
891 1863 1033 1937 ciliares
1062 1863 1137 1936 AC
1149 1895 1159 1948 ;
1192 1863 1315 1937 radius

275 1991 398 2055 autem
415 2003 438 2052 a
453 1987 592 2073 puncto
609 1977 687 2050 viso
705 1977 733 2048 F
750 1975 890 2049 incidat
903 1977 942 2049 in
956 1977 1103 2050 oculum
1118 1977 1165 2051 ad
1184 1977 1214 2049 B
1232 1999 1315 2074 per-

275 2091 583 2191 pendiculariter;
602 2089 773 2163 transibit
786 2113 875 2186 ergo
888 2093 967 2188 (per
978 2091 1039 2164 De
1054 2090 1222 2190 Corpore
1236 2116 1315 2188 cap.

279 2228 400 2280 xxrv.
418 2217 486 2279 art.
505 2207 542 2298 2)
566 2226 633 2301 per
660 2215 828 2276 centrum
852 2204 949 2278 oculi
970 2205 1018 2278 ad
1041 2205 1198 2280 retinam
1215 2206 1254 2278 in
1272 2205 1318 2295 D,

280 2317 515 2404 irrefractus;
547 2317 689 2414 eritque
715 2317 792 2391 axis
819 2317 963 2414 opticus
990 2319 1074 2408 FD,
1101 2329 1138 2392 et
1163 2341 1317 2416 perpen-

280 2431 450 2507 dicularis
468 2430 516 2505 ad
537 2431 693 2506 retinam
718 2431 757 2504 in
774 2429 819 2504 D.
873 2430 1002 2528 Itaque
1019 2434 1084 2506 fiet
1101 2432 1318 2522 resistentia,

281 2546 404 2634 idest,
423 2545 609 2619 restitutio
622 2543 660 2618 in
673 2545 794 2618 retina
806 2544 1157 2642 perpendiculariter
1172 2577 1181 2631 ;
1209 2569 1320 2643 appa-

282 2661 449 2757 rebitque
471 2669 651 2756 punctum
670 2659 698 2730 F
714 2658 848 2731 alicubi
873 2659 912 2732 in
929 2657 1014 2746 DF,
1038 2658 1077 2731 id
1101 2672 1168 2750 est,
1186 2657 1319 2732 alicubi

282 2779 321 2853 in
338 2790 441 2852 recta
458 2777 561 2872 cujus
578 2801 693 2849 unum
709 2789 888 2874 punctum
911 2788 968 2850 est
995 2785 1162 2848 centrum
1179 2775 1320 2864 retinae,

283 2892 440 2967 alterum
466 2891 587 2964 estin
612 2891 691 2986 ipsa
717 2889 837 2964 retina
862 2913 906 2963 eo
932 2889 1014 2963 loco
1040 2889 1102 2962 ubi
1129 2888 1259 2962 incidit
1284 2889 1320 2961 in

284 3005 384 3079 illam
400 3004 498 3078 linea
514 3003 660 3077 radians
678 3003 725 3076 ab
744 3003 887 3099 objecto
906 3003 944 3076 1².

335 3117 486 3206 Rursus,
511 3117 559 3190 sit
581 3127 759 3214 punctum
785 3117 903 3189 visum
928 3116 957 3205 I,
976 3117 1079 3212 cujus
1096 3115 1251 3190 radiatio
1268 3115 1325 3190 in-

285 3231 385 3304 cidat
402 3231 441 3304 in
458 3230 604 3304 oculum
627 3229 675 3303 ad
702 3229 735 3302 K
762 3229 929 3326 oblique;
957 3229 1081 3326 itaque
1105 3231 1326 3327 refringetur

285 3367 411 3417 versus
441 3341 780 3440 perpendicularem
809 3365 875 3438 per
907 3343 982 3416 KL
1016 3343 1063 3416 ad
1098 3344 1326 3441 superficiem

286 3456 450 3531 humoris
472 3455 672 3554 crystallini
698 3455 737 3529 in
764 3457 815 3539 L;
844 3455 929 3528 inde
954 3479 1079 3530 rursus
1106 3451 1328 3554 refringetur

287 3593 412 3644 versus
437 3569 739 3667 perpendiculum
763 3591 830 3665 per
847 3569 928 3642 LM
947 3568 995 3642 ad
1012 3571 1241 3667 superficiem
1259 3571 1328 3644 hu-

288 3685 400 3758 moris
418 3683 617 3781 crystallini
632 3683 785 3756 alteram
802 3683 840 3756 in
859 3683 911 3756 Μ.
970 3684 1172 3772 Postremo,
1197 3683 1328 3757 refrin-

289 3809 397 3894 getur
427 3821 493 3894 per
524 3797 612 3870 MN
645 3821 667 3869 a
696 3795 989 3893 perpendiculari
1021 3795 1069 3870 ad
1098 3795 1329 3893 superficiem

291 3911 418 3984 retinae
436 3911 474 3984 in
494 3909 540 3983 N.
592 3910 758 3984 Ducatur
780 3911 857 4006 jam
884 3932 951 4006 per
967 3911 997 3982 E
1016 3920 1183 3982 centrum
1201 3909 1331 3983 retinae

291 4037 394 4098 recta
411 4023 499 4097 NE.
553 4023 734 4097 Punctum
760 4024 879 4098 visum
899 4023 915 4096 l
933 4023 1124 4120 apparebit
1139 4022 1274 4095 alicubi
1292 4023 1329 4095 in

293 4135 369 4208 NE
386 4137 575 4232 producta.
629 4137 726 4210 Nam
743 4148 929 4210 ostensum
948 4151 1004 4210 est
1024 4137 1103 4233 (per
1120 4161 1199 4233 cap.
1220 4159 1329 4210 xxm.

292 4259 360 4323 art.
379 4257 414 4340 6,
428 4249 488 4323 De
510 4249 690 4350 Corpore)
708 4251 962 4342 resistentiam,
981 4263 1168 4349 utcunque
1192 4249 1333 4323 incidat
