2904 4912
317 292 396 358 394·
594 313 598 318 ·
743 303 933 358 nnnrcro.

121 507 218 559 secr.
234 507 286 558 111.
316 477 459 568 calleat,
470 501 543 576 qua
558 477 772 575 loquuntur.
819 478 950 575 Neque
962 477 1143 576 interpres
1157 478 1363 576 Scripturae

132 585 275 690 ss
315 592 515 666 canonicus
547 591 797 689 unusquisque
824 604 890 681 est,
919 592 984 689 qui
1013 592 1296 666 commentarios
1321 593 1363 666 in

316 729 378 778 eas
409 705 548 779 scribit.
600 706 755 778 Possunt
780 704 879 777 enim
908 703 1075 778 homines
1099 728 1246 790 errare;
1274 730 1362 802 pos-

315 827 402 892 sunt
419 817 530 891 etiam
548 841 630 892 eam
641 817 700 890 vel
716 817 765 891 ad
780 817 1018 890 ambitionem
1035 841 1139 891 suam
1156 817 1358 910 inflectere,

314 931 375 1006 vel
391 932 431 1006 in
448 933 661 1006 servitutem
677 930 900 1028 praejudiciis
916 932 991 1004 suis
1003 931 1150 1004 trahere
1169 932 1283 1006 etiam
1305 956 1364 1005 re-

315 1055 564 1142 pugnantem
590 1044 688 1118 unde
701 1053 886 1141 sequetur,
898 1044 1106 1118 habendam
1119 1068 1199 1118 esse
1213 1057 1360 1120 senten·

317 1158 408 1232 tiam
442 1181 632 1233 erroneam
664 1182 733 1255 pro
766 1157 877 1230 carbo
911 1158 1000 1230 Dei.
1050 1158 1207 1232 Etiamsi
1236 1170 1363 1232 autem

317 1269 484 1345 accidere
501 1271 573 1345 hoc
589 1295 664 1345 non
681 1280 817 1368 posset,
832 1282 957 1344 tamen
970 1271 1097 1344 statim
1113 1281 1157 1345 ut
1172 1296 1360 1346 commen-

315 1394 457 1458 tatores
481 1385 521 1458 hi
546 1385 789 1475 discesserint,
811 1385 1066 1458 commentarii
1093 1408 1223 1459 eorum
1248 1386 1363 1482 expli-

317 1496 536 1582 cationibus,
566 1508 605 1571 et
633 1496 859 1594 procedente
888 1507 1067 1595 tempore,
1098 1499 1361 1595 explicationes

317 1610 618 1707 expositionibus
653 1611 899 1709 expositiones
939 1611 1046 1684 novis
1087 1612 1363 1686 commentariis

316 1724 536 1820 indigebunt
548 1725 626 1798 sine
638 1725 731 1810 fine;
757 1734 801 1797 ut
810 1725 911 1798 nullo
921 1724 1032 1798 modo
1045 1725 1226 1799 doctrinae
1240 1725 1360 1798 Chris-

316 1837 429 1911 tianae
441 1861 558 1911 canon
569 1837 645 1911 sive
657 1837 796 1934 regula,
810 1861 883 1933 qua
898 1837 1160 1911 controversiae
1173 1837 1364 1935 religionis

317 1949 606 2024 determinandae
626 1951 710 2040 sint,
728 1951 928 2024 consistere
952 1951 1069 2047 possit
1086 1951 1125 2023 in
1144 1975 1360 2047 quacunque

316 2063 619 2159 interpretatione
647 2064 796 2160 scripta.
848 2065 991 2153 Restat,
1022 2073 1065 2136 ut
1091 2064 1276 2161 interpres
1303 2089 1361 2138 ca-

316 2176 472 2249 nonicus
489 2175 627 2250 debeat¹
639 2200 718 2250 esse
732 2176 876 2273 aliquis,
891 2179 994 2272 cujus
1007 2201 1141 2250 munus
1155 2177 1361 2274 legitimum

317 2287 366 2362 sit
382 2297 481 2362 ortas
498 2290 777 2379 controversias,
795 2289 943 2362 uerbum
959 2290 1036 2362 Dei
1053 2290 1092 2362 in
1108 2288 1199 2386 ipsis
1213 2291 1361 2386 judiciis

316 2401 547 2497 explicando,
564 2402 762 2476 terminare
776 2434 786 2488 ;
813 2414 850 2478 et
867 2403 970 2499 cujus
987 2413 1185 2500 propterea
1201 2405 1362 2478 auctori-

316 2514 386 2587 tati
399 2515 571 2590 standum
580 2538 656 2589 non
670 2515 791 2589 minus
806 2516 866 2603 sit,
880 2541 991 2612 quam
1004 2539 1145 2608 eorum,
1160 2518 1226 2615 qui
1238 2518 1359 2615 Scrip

316 2639 439 2701 tinam
454 2629 572 2724 ipsam
589 2652 657 2725 pro
671 2652 811 2716 canone
826 2628 914 2703 fidei
930 2628 1040 2724 primi
1051 2629 1160 2704 nobis
1174 2655 1361 2704 commen·

317 2740 525 2826 daverunt3
563 2741 734 2838 idemque
772 2742 821 2816 sit
855 2741 1047 2840 interpres
1080 2741 1298 2842 Scriptura
1323 2755 1364 2818 et

315 2853 575 2927 doctrinarum
593 2855 756 2928 omnium
760 2854 884 2950 judea
901 2879 1108 2954 supremus.

107 2961 213 3010 ΕΜ
229 2963 303 3022 ¹³¹⁰*
370 2976 425 3041 19.
454 2966 565 3042 cuod
580 2967 629 3040 ad
645 2992 781 3041 nomeu
803 2969 938 3043 attinet
955 2967 1135 3059 ecclesio,
1153 2970 1200 3043 ab
1219 2971 1361 3068 origine

106 3029 281 3088 mmm
314 3081 414 3154 idem
447 3092 554 3154 sonat
577 3081 689 3177 quod
721 3081 852 3154 Latine
882 3081 1022 3172 coracio,
1051 3083 1128 3156 sive
1155 3097 1358 3158 conventus

314 3192 461 3282 civium,
473 3193 568 3267 sicut
579 3203 616 3266 et
626 3193 867 3267 ecclesiastes
880 3193 980 3267 idem
993 3195 1094 3291 quod
1103 3195 1360 3284 concionator,

315 3307 355 3380 id
377 3307 493 3398 est,is
516 3309 579 3404 qui
603 3307 651 3380 ad
673 3317 894 3381 conventum
915 3307 1090 3403 loquitur.
1142 3309 1229 3383 Quo
1251 3333 1360 3384 sensu

314 3420 470 3518 legimus
494 3421 542 3493 in
559 3421 663 3494 Actis
678 3421 942 3520 Apostolorum
962 3419 1052 3515 (xix.
1072 3431 1132 3511 32,
1152 3421 1217 3516 39)
1238 3421 1359 3496 ecclc-

314 3535 410 3608 sium
427 3534 619 3633 corffasum
643 3546 681 3607 et
698 3533 894 3608 ecclesiam
921 3534 1141 3633 legitimum,
1170 3535 1270 3609 hano
1293 3558 1361 3632 pro

315 3661 416 3722 coetu
446 3658 659 3739 convocato,
695 3648 796 3722 illam
825 3672 893 3745 pro
922 3671 1105 3722 concursu
1133 3647 1263 3744 populi
1295 3671 1360 3744 per

315 3761 543 3835 tumultum·
570 3761 753 3834 Caeterum
764 3784 832 3857 per
844 3759 1041 3833 ecclesiam
1058 3758 1358 3833 Christianorum

315 3873 355 3946 in
366 3873 557 3970 Scriptura
565 3874 678 3947 Sacra
688 3873 907 3969 intelligitur
916 3873 1103 3946 interdurn
1114 3872 1265 3969 quidem
1274 3895 1358 3945 con-

315 3996 459 4076 ventus,
474 3986 659 4061 interdum
671 4009 759 4060 vero
777 3986 847 4081 ipsi
865 3985 1075 4076 Christiani,
1093 3985 1162 4059 etsi
1178 4009 1258 4058 non
1274 3995 1364 4058 actu.

316 4100 542 4196 congregati,
561 4098 742 4197 siquidem
758 4099 798 4172 in
812 4099 1122 4172 coetumintroire
1139 4108 1178 4172 et
1195 4121 1357 4172 commu-

315 4211 443 4286 nicare
467 4236 551 4287 curn
581 4211 814 4308 congregatis
841 4235 1057 4286 concessum
1079 4212 1137 4286 sit.
1190 4209 1356 4307 Exempli
