2834 4912
303 288 379 358 250
707 303 939 358 rmnnarunr.

104 504 202 558 sm,
217 506 269 558 111,
300 469 403 546 initis
421 467 653 544 tradiderint.
697 469 821 568 Atque
839 470 886 545 de
903 470 974 546 hoc
992 467 1104 545 modo
1121 469 1262 546 dictum
1274 471 1343 568 jam

116 585 260 690 ὲ,
300 593 369 660 est.
422 582 613 658 Secundus
629 580 762 658 modus
780 593 848 674 est,
866 583 897 657 si
918 582 1000 681 quis
1026 584 1123 658 bello
1150 594 1278 681 captus
1293 582 1343 656 vel

300 697 432 787 victus,
455 706 521 769 aut
550 695 689 770 viribus
718 694 900 790 diffidens,
924 707 968 772 nt
994 709 1154 772 mortem
1181 696 1343 784 declinet,

299 809 432 884 victori
447 809 507 883 vel
522 808 668 883 fortiori
694 809 890 905 promittit,
908 833 948 884 se
965 810 999 884 ei
1025 811 1264 901 serviturum,
1280 810 1342 883 hoc

300 932 368 1014 est,
387 921 512 998 omnia
535 920 722 994 iactmum
740 945 823 1018 quae
849 921 1058 1019 imperabit.
1111 923 1156 998 In
1174 946 1246 1019 quo
1263 945 1343 996 oon-

298 1043 424 1110 tractn
450 1034 590 1106 bonum
617 1032 778 1128 quidem,
797 1034 898 1132 qnod
919 1035 1041 1110 victus
1057 1036 1117 1111 vel
1133 1036 1270 1110 viribus
1294 1035 1342 1108 in·

299 1149 413 1224 ferior
426 1148 573 1245 accipit,
591 1159 647 1223 est
662 1147 750 1222 vitae
768 1148 1006 1242 condonatio,
1024 1151 1198 1248 quaejure
1211 1149 1342 1224 belliin
1399 1199 1400 1250 p

301 1273 402 1340 statu
413 1263 605 1337 hominum
617 1262 777 1337 natrucli
791 1263 872 1338 tolli
884 1275 1051 1360 poterat:
1077 1264 1217 1338 bonum
1230 1273 1342 1338 autem
1399 1259 1400 1274 ³

301 1375 403 1474 quod
445 1376 643 1474 promittit,
677 1376 924 1452 ministerium
957 1388 998 1453 et
1039 1377 1252 1452 obedientia
1281 1385 1340 1449 cst.

302 1491 425 1588 Hujus
454 1514 543 1588 ergo
573 1489 744 1586 promissi
770 1491 808 1564 vi
842 1490 998 1565 debetur
1030 1515 1054 1564 a
1086 1491 1188 1565 victo
1222 1487 1341 1564 victori
1400 1519 1401 1578 l

301 1603 547 1679 ministerium
563 1614 603 1677 et
628 1603 837 1680 obedientia
861 1604 1041 1696 absoluta,
1069 1614 1250 1702 qnantum
1272 1599 1342 1676 fieri

300 1727 436 1816 potest,
452 1717 525 1792 nisi
542 1740 626 1814 quae
638 1728 819 1814 repugnet
834 1717 978 1815 legibus
995 1717 1139 1793 divinis.
1177 1715 1274 1792 Nam
1289 1712 1342 1812 qui

301 1831 486 1906 mandatis
504 1831 720 1928 cujusquam
737 1831 888 1906 obedire
916 1842 1003 1906 ante
1025 1830 1225 1928 obligatur,
1244 1851 1342 1927 quam
1401 1911 1402 1924 p

302 1944 392 2042 quid
408 1945 654 2041 imperaturus
677 1943 726 2018 sit
752 1944 856 2034 sciat,
874 1954 1023 2020 tenetur
1043 1943 1235 2020 adomnia
1251 1966 1342 2016 man·

302 2058 390 2133 data
402 2056 628 2154 simpliciter,
647 2066 686 2132 et
710 2057 790 2132 sine
802 2057 1051 2134 restrictione.
1101 2056 1201 2148 Jam,
1220 2056 1282 2154 qui
1297 2054 1342 2130 sie

301 2181 450 2244 tenetur
469 2191 644 2262 suavus
661 2170 694 2245 is
711 2171 772 2246 cui
789 2181 939 2246 tenetur
962 2192 1160 2246 nominos
1192 2169 1343 2268 appelln-

301 2293 378 2356 tur.
428 2283 567 2374 Tertio,
586 2283 791 2379 acquiritur
804 2284 866 2380 jus
882 2284 922 2358 in
938 2306 1136 2380 personam
1156 2306 1225 2380 per
1242 2305 1342 2380 gene·

302 2395 486 2470 rationem
501 2426 510 2481 ;
537 2394 584 2470 de
602 2419 674 2492 qno
686 2395 938 2494 acquisitionis
952 2397 1063 2471 modo
1078 2397 1225 2472 dicetur
1235 2395 1343 2494 capite

301 2509 485 2607 sequenti.

90 2655 292 2702 manaem
353 2633 389 2699 2.
416 2624 504 2700 Non
528 2623 648 2697 omnis
664 2623 761 2697 bello
779 2634 921 2720 captus,
939 2625 1045 2719 cujus
1063 2622 1151 2698 vitae
1169 2622 1341 2720 parcitum
1403 2639 1404 2642 ’

90 2720 292 2778 rnm,incosqui

89 2785 134 2830 fid„
143 2748 371 2830 mmgest,
384 2736 521 2833 pacisci
534 2761 619 2812 cum
632 2735 781 2812 domino
794 2735 1036 2834 intelligitur:
1063 2737 1241 2833 quianon
1254 2731 1341 2809 omni

89 2850 357 2974 fflfflffiita
389 2851 565 2942 creditur,
599 2860 643 2925 ut
671 2851 902 2947 relinquatur
931 2850 965 2924 ei
996 2860 1144 2925 tontum
1172 2847 1341 2924 libertatis

90 2979 124 3024 ¹0·
139 2949 185 3024 a'„
201 2993 239 3024 ω·
252 2981 291 3038 nui
302 2963 492 3054 naturalis,
509 2974 553 3038 nt
574 2964 633 3038 vel
648 2963 838 3060 aufugere,
855 2963 916 3038 vel
941 2964 1189 3038 ministerium
1211 2963 1342 3038 detrec·

90 3043 292 3186 ffi'lnff
302 3087 395 3169 tare,
423 3077 482 3151 vel
508 3077 711 3152 machinari
742 3076 888 3152 domim
917 3077 1056 3152 malum
1078 3087 1144 3152 ant
1178 3075 1342 3152 mmnun

91 3177 196 3220 ”mm
303 3187 465 3286 aliquod,
483 3190 514 3264 si
532 3190 667 3287 cupiat,
685 3189 814 3286 possit.
865 3190 915 3264 Et
942 3189 1107 3264 serviunt
1124 3187 1275 3286 quidem
1299 3185 1341 3274 hi,

303 3299 370 3376 sed
386 3301 485 3375 intra
502 3302 698 3399 ergastula,
708 3304 767 3376 vel
784 3302 1024 3403 compedibus
1045 3304 1179 3389 vincti;
1197 3303 1343 3400 ideoque

302 3415 532 3490 vocabantur
548 3439 624 3491 non
649 3416 761 3490 modo
777 3417 880 3492 servi
906 3418 1093 3492 communi
1110 3416 1273 3508 nomine,
1289 3413 1343 3490 sed

303 3527 415 3604 etiam
447 3527 626 3624 peculiari
658 3529 904 3627 appellatione
932 3530 1152 3628 ergastuli5
1190 3530 1288 3604 siout
1312 3539 1344 3604 et

303 3641 415 3717 hodie
437 3641 582 3716 diversa
608 3643 819 3740 significant
842 3667 891 3718 aa
915 3644 1116 3736 serciteur,
1134 3655 1173 3718 et
1190 3669 1241 3718 rm
1258 3641 1343 3740 cers,

303 3754 363 3828 vel
380 3778 429 3828 ure
446 3753 604 3830 esclave.

93 3881 269 3962 miramo
356 3877 391 3942 3.
418 3866 604 3966 Obligatio
621 3867 736 3966 igitur
752 3871 854 3944 servi
876 3869 1052 3944 adversus
1070 3869 1254 3946 dominum
1280 3893 1343 3946 non

91 3955 293 4060 mimo
305 3981 470 4056 nascitur
487 4005 532 4055 ex
559 3980 715 4078 simplici
732 3982 819 4058 vitae
844 3981 1130 4073 condonatione,
1149 3983 1216 4057 sed
1241 4008 1286 4060 ex
1305 4007 1342 4058 eo

91 4078 406 4191 liberm“³⁰¹¹'⁰‘²'qnod
434 4119 510 4171 non
539 4095 706 4170 vinctum
733 4119 818 4170 eum
843 4095 903 4170 vel
929 4095 1199 4172 incarceratum
1216 4107 1341 4172 teneat.

299 4207 493 4305 -Obligatio
507 4208 605 4284 enim
617 4232 662 4284 ex
679 4219 790 4304 pacto
807 4209 947 4294 oritur3
973 4220 1124 4306 pactum
1141 4219 1268 4285 antem
1280 4209 1340 4285 nisi
