2912 4912
501 280 555 332 nn
575 279 821 334 autiernus.
1102 271 1169 338 119

123 445 161 519 in
179 446 366 544 prosperis
389 448 528 544 gratias
551 473 627 522 non
648 473 768 546 agere,
798 473 917 546 neque
943 449 982 522 in
1008 447 1171 526 adversis
1205 485 1303 540 snos,
1318 487 1355 538 ῃ,

121 583 198 632 nou
219 560 444 656 supplicare;
471 585 553 656 quae
577 573 664 636 sunt
683 562 936 658 propriissime
958 586 1071 658 opera
1091 563 1170 660 pie·
1210 565 1353 668 „L

119 673 226 758 tatis3
253 673 292 746 in
310 673 366 748 his
384 675 483 748 enim
501 675 737 750 continentur
755 699 857 750 amor
874 687 912 750 et
928 691 1062 766 metus,
1089 677 1169 771 qui-

119 788 190 861 bus
204 789 380 883 jubemur
396 812 520 862 amare
538 799 576 862 et
591 789 721 862 timere
736 790 867 863 Deum.
1264 849 1268 858 .

172 910 207 974 2.
237 900 326 974 Non
342 913 467 974 antem
484 901 537 974 ita
554 903 600 976 ab
618 901 765 976 homine
787 900 964 976 amandus
982 912 1038 974 est
1056 901 1167 993 Deus,
1181 917 1380 994 Ammattimyro

119 1023 163 1086 ut
179 1015 227 1086 ab
252 1013 402 1087 homine
428 1014 551 1088 homo.
604 1014 703 1088 Nam
727 1038 795 1112 per
820 1037 983 1088 amorem
1009 1013 1167 1088 hominis
1182 983 1254 1026 Μ
1267 983 1365 1040 Μ

119 1150 211 1223 erga
226 1127 415 1202 hominem
438 1127 677 1224 intelligimus
702 1151 846 1225 semper
869 1139 933 1200 aut
958 1127 1168 1224 cupidinem

117 1240 370 1336 amplectendi
386 1251 452 1314 aut
468 1241 778 1326 benevolentiam
797 1265 955 1339 quornm
968 1253 1166 1338 utrumqne

118 1353 166 1426 de
197 1377 324 1428 amore
357 1377 445 1450 erga
472 1354 592 1428 Deum
625 1355 831 1450 intelligere
861 1354 1027 1450 ineptum
1058 1367 1165 1430 esset.

117 1469 256 1542 Amare
275 1467 397 1540 Deum
415 1477 472 1540 est
486 1467 556 1540 Dei
569 1470 671 1564 jussa
693 1467 821 1541 laetnm
837 1466 970 1540 facere.
1021 1467 1166 1544 Timere

117 1583 240 1656 Deum
258 1590 317 1655 est
333 1605 462 1656 cavere
479 1605 526 1654 ne
544 1581 747 1654 incidamus
764 1581 803 1654 in
816 1591 978 1677 peccata,
998 1605 1041 1656 eo
1056 1582 1166 1658 modo

116 1720 190 1792 quo
210 1695 370 1770 solemus
387 1695 516 1768 timere
534 1695 645 1790 leges

167 1819 203 1882 3.
232 1809 340 1882 Fides
366 1820 502 1898 autem,
528 1821 774 1906 praeterquam
794 1833 874 1882 eam
893 1833 965 1904 qua
982 1807 1164 1882 credimus
1179 1833 1313 1892 nunqua

115 1924 239 1996 Deum
257 1922 465 1996 condidisse
483 1934 520 1996 et
538 1946 665 2018 regere
688 1923 823 2011 omnia,
850 1923 881 1996 si
908 1922 957 1994 sit
983 1921 1028 1994 de
1055 1922 1164 1994 rebus

116 2062 199 2133 quae
225 2059 338 2132 supra
363 2046 506 2110 naturae
531 2035 702 2110 hnmanae
729 2049 877 2132 captum
907 2035 1036 2132 positae
1067 2047 1164 2122 suut,

115 2149 243 2246 opinio
262 2161 331 2238 est,
360 2173 442 2245 quae
459 2150 622 2222 nascitur
639 2150 685 2224 ab
703 2149 930 2224 authoritate
949 2149 1163 2223 dicentium.

116 2263 198 2336 Nisi
216 2286 306 2358 ergo
323 2262 554 2358 praecesserit
571 2264 696 2358 opinio
719 2263 819 2360 quod
843 2263 886 2352 is,
910 2261 973 2358 qui
991 2261 1093 2353 dicit,
1122 2287 1166 2335 ea

115 2402 199 2473 quae
218 2376 310 2450 dicit
329 2375 440 2449 modo
462 2376 585 2474 aliquo
607 2375 876 2472 supernaturali
902 2375 1038 2465 scierit,
1065 2376 1166 2450 nulla

115 2516 196 2565 esse
231 2500 356 2588 potest
391 2514 501 2564 causa
535 2513 647 2586 quare
681 2491 734 2563 illi
768 2489 919 2564 credere
954 2490 1163 2564 debeamus.

115 2605 225 2678 Circa
242 2627 303 2676 res
321 2626 409 2700 ergo
423 2603 719 2700 supernaturales
733 2603 870 2678 nemini
885 2601 1080 2690 credimus
1094 2601 1164 2674 nisi

114 2742 225 2815 quem
251 2717 354 2813 prius
380 2716 520 2790 factum
549 2717 699 2812 aliquod
727 2717 858 2791 fecisse
888 2716 1164 2813 supernaturale

115 2833 314 2906 eredimus.
377 2830 524 2904 Dicenti
546 2842 669 2904 autem
690 2830 800 2905 alicui
817 2853 872 2918 ea,
899 2854 981 2926 quae
999 2828 1089 2901 dicit
1106 2829 1163 2903 vel

115 2946 238 3034 docet,
271 2945 489 3018 confirmata
518 2943 702 3016 miraculis
732 2966 823 3030 esse,
851 2942 1035 3038 quomodo
1064 2942 1164 3015 credi

113 3069 240 3155 potest
261 3058 333 3130 nisi
359 3069 397 3131 et
422 3058 501 3154 ipse
527 3057 742 3130 miraculum
770 3055 954 3130 ediderit?
1007 3055 1104 3128 Nam
1135 3055 1166 3128 si

114 3173 258 3246 homini
281 3171 427 3268 privato
451 3171 529 3244 sine
555 3171 732 3244 miraculo
759 3168 983 3244 credendum
1009 3169 1068 3260 sit,
1099 3193 1166 3244 cur

115 3286 263 3360 diversa
289 3283 501 3358 docentium
528 3285 592 3357 uni
614 3284 730 3380 magis
754 3307 865 3379 quam
882 3282 1013 3357 alteri?
1066 3283 1165 3357 Reli-

114 3404 236 3499 gionis
256 3427 345 3498 ergo
363 3414 499 3476 nostrae
516 3425 601 3499 pars
619 3401 778 3475 maxima
795 3413 833 3473 et
851 3401 930 3474 Deo
955 3401 1165 3497 gratissima

114 3518 206 3590 fides
225 3518 273 3590 ab
299 3515 510 3590 hominibus
526 3513 691 3611 privatis,
718 3513 788 3588 nisi
810 3513 949 3588 faciant
975 3513 1165 3600 miracula,

116 3628 326 3727 dependere
344 3651 420 3700 non
438 3626 559 3701 debet.

164 3754 201 3817 4.
231 3741 271 3816 Si
289 3739 431 3836 religio,
449 3749 674 3836 praeteream
690 3761 773 3834 quae
787 3737 954 3812 consistit
971 3737 1009 3810 iu
1026 3737 1163 3834 pietate
1178 3756 1242 3800 uua
1252 3757 1328 3834 depa-

116 3854 293 3944 naturali,
304 3853 352 3927 ab
369 3851 581 3926 homiuibus
592 3851 743 3947 privatis
753 3874 828 3925 non
843 3849 1062 3948 dependeat,
1074 3862 1163 3922 tunc
1177 3823 1213 3866 ω
1223 3821 1333 3882 “¹⁹⁸²''m'

117 3966 368 4042 necessarium
386 3977 453 4054 est,
481 3963 710 4038 cessantibus
732 3963 950 4058 Jamdudum
967 3962 1163 4051 miraculis

117 4092 158 4153 ut
184 4078 394 4177 dependeat
422 4103 444 4152 a
471 4077 612 4173 legibus
640 4076 811 4150 civitatis.
864 4075 1007 4171 Religio
1038 4076 1163 4173 itaque

117 4193 351 4290 philosophia
378 4217 453 4267 uon
480 4203 549 4280 est,
580 4190 709 4265 sedin
736 4191 835 4266 omni
853 4190 1000 4266 civitate
1017 4190 1098 4276 lex;
1126 4199 1164 4264 et
