<?xml version="1.0" encoding="UTF-8"?>
<!DOCTYPE html PUBLIC "-//W3C//DTD XHTML 1.0 Transitional//EN"
    "http://www.w3.org/TR/xhtml1/DTD/xhtml1-transitional.dtd">
<html xmlns="http://www.w3.org/1999/xhtml" xml:lang="en" lang="en">
 <head>
  <title>
</title>
<meta http-equiv="Content-Type" content="text/html;charset=utf-8" />
  <meta name='ocr-system' content='tesseract 3.04.00' />
  <meta name='ocr-capabilities' content='ocr_page ocr_carea ocr_par ocr_line ocrx_word'/>
</head>
<body>
  <div class='ocr_page' id='page_1' title='image "./thomhobbesmalme09hobbgoog_0437.png"; bbox 0 0 2904 4912; ppageno 0'>
   <div class='ocr_carea' id='block_1_1' title="bbox 284 239 896 334">
    <p class='ocr_par' dir='ltr' id='par_1_1' title="bbox 284 239 896 334">
     <span class='ocr_line' id='line_1_1' title="bbox 284 239 896 334; baseline 0.011 -8"><span class='ocrx_word' id='word_1_1' title='bbox 284 263 357 334; x_wconf 75' lang='lat'><strong>422</strong></span> <span class='ocrx_word' id='word_1_2' title='bbox 710 239 896 332; x_wconf 80' lang='lat' dir='ltr'><strong>anulare.</strong></span> 
     </span>
    </p>
   </div>
   <div class='ocr_carea' id='block_1_2' title="bbox 86 441 1329 538">
    <p class='ocr_par' dir='ltr' id='par_1_2' title="bbox 86 441 1329 538">
     <span class='ocr_line' id='line_1_2' title="bbox 86 441 1329 538; baseline 0.007 -24"><span class='ocrx_word' id='word_1_3' title='bbox 86 477 183 536; x_wconf 60' lang='lat' dir='ltr'><strong>sacr,</strong></span> <span class='ocrx_word' id='word_1_4' title='bbox 194 477 248 526; x_wconf 86' lang='lat' dir='ltr'><strong>ru.</strong></span> <span class='ocrx_word' id='word_1_5' title='bbox 283 441 395 528; x_wconf 88' lang='lat' dir='ltr'><strong>hunc,</strong></span> <span class='ocrx_word' id='word_1_6' title='bbox 412 445 552 518; x_wconf 81' lang='lat' dir='ltr'><strong>Jascu</strong></span> <span class='ocrx_word' id='word_1_7' title='bbox 569 467 668 518; x_wconf 84' lang='lat' dir='ltr'><strong>assa</strong></span> <span class='ocrx_word' id='word_1_8' title='bbox 685 445 922 534; x_wconf 78' lang='lat' dir='ltr'><strong>Gauranum,</strong></span> <span class='ocrx_word' id='word_1_9' title='bbox 941 447 1083 520; x_wconf 90' lang='lat' dir='ltr'><strong>homini</strong></span> <span class='ocrx_word' id='word_1_10' title='bbox 1107 448 1329 538; x_wconf 87' lang='lat' dir='ltr'><strong>Christiano,</strong></span> 
     </span>
    </p>
   </div>
   <div class='ocr_carea' id='block_1_3' title="bbox 96 555 1332 658">
    <p class='ocr_par' dir='ltr' id='par_1_3' title="bbox 96 555 1332 658">
     <span class='ocr_line' id='line_1_3' title="bbox 96 555 1332 658; baseline 0.007 -31"><span class='ocrx_word' id='word_1_11' title='bbox 96 555 241 658; x_wconf 48' lang='lat' dir='ltr'><strong><em>L</em></strong></span> <span class='ocrx_word' id='word_1_12' title='bbox 283 567 327 628; x_wconf 91' lang='lat' dir='ltr'><strong>ut</strong></span> <span class='ocrx_word' id='word_1_13' title='bbox 354 558 606 630; x_wconf 76' lang='lat' dir='ltr'><strong>necessarium</strong></span> <span class='ocrx_word' id='word_1_14' title='bbox 633 559 856 632; x_wconf 87' lang='lat' dir='ltr'><strong>adsalutem</strong></span> <span class='ocrx_word' id='word_1_15' title='bbox 881 561 1020 655; x_wconf 88' lang='lat' dir='ltr'><strong>requiri</strong></span> <span class='ocrx_word' id='word_1_16' title='bbox 1043 561 1197 634; x_wconf 89' lang='lat' dir='ltr'><strong>nullum.</strong></span> <span class='ocrx_word' id='word_1_17' title='bbox 1251 563 1332 636; x_wconf 91' lang='lat' dir='ltr'><strong>Dis-</strong></span> 
     </span>
    </p>
   </div>
   <div class='ocr_carea' id='block_1_4' title="bbox 72 669 1332 770">
    <p class='ocr_par' dir='ltr' id='par_1_4' title="bbox 72 669 1332 770">
     <span class='ocr_line' id='line_1_4' title="bbox 72 669 1332 770; baseline 0.013 -38"><span class='ocrx_word' id='word_1_18' title='bbox 72 692 167 736; x_wconf 59' lang='lat' dir='ltr'><strong>nircum</strong></span> <span class='ocrx_word' id='word_1_19' title='bbox 178 691 257 734; x_wconf 73' lang='lat' dir='ltr'><strong>aracu-</strong></span> <span class='ocrx_word' id='word_1_20' title='bbox 283 669 527 766; x_wconf 82' lang='lat' dir='ltr'><strong>tinguendum</strong></span> <span class='ocrx_word' id='word_1_21' title='bbox 545 682 668 744; x_wconf 88' lang='lat' dir='ltr'><strong>autem</strong></span> <span class='ocrx_word' id='word_1_22' title='bbox 686 686 743 745; x_wconf 87' lang='lat' dir='ltr'><strong>est</strong></span> <span class='ocrx_word' id='word_1_23' title='bbox 759 675 940 769; x_wconf 90' lang='lat' dir='ltr'><strong>(utsupra</strong></span> <span class='ocrx_word' id='word_1_24' title='bbox 956 687 1026 746; x_wconf 90' lang='lat' dir='ltr'><strong>art.</strong></span> <span class='ocrx_word' id='word_1_25' title='bbox 1041 677 1090 768; x_wconf 82' lang='grc'><strong>4),</strong></span> <span class='ocrx_word' id='word_1_26' title='bbox 1108 675 1332 770; x_wconf 74' lang='lat' dir='ltr'><strong>interficiam</strong></span> 
     </span>
    </p>
   </div>
   <div class='ocr_carea' id='block_1_5' title="bbox 72 757 272 808">
    <p class='ocr_par' dir='ltr' id='par_1_5' title="bbox 72 757 272 808">
     <span class='ocr_line' id='line_1_5' title="bbox 72 757 272 808; baseline 0 -10"><span class='ocrx_word' id='word_1_27' title='bbox 72 757 126 808; x_wconf 82' lang='lat' dir='ltr'><strong>lum,</strong></span> <span class='ocrx_word' id='word_1_28' title='bbox 136 757 150 800; x_wconf 91' lang='lat' dir='ltr'>J</span> <span class='ocrx_word' id='word_1_29' title='bbox 152 770 215 799; x_wconf 89' lang='lat' dir='ltr'><strong>esum</strong></span> <span class='ocrx_word' id='word_1_30' title='bbox 224 768 272 798; x_wconf 86' lang='lat' dir='ltr'><strong>esse</strong></span> 
     </span>
    </p>
   </div>
   <div class='ocr_carea' id='block_1_6' title="bbox 71 785 1333 884">
    <p class='ocr_par' dir='ltr' id='par_1_6' title="bbox 71 785 1333 884">
     <span class='ocr_line' id='line_1_6' title="bbox 71 785 1333 884; baseline -0.002 -21"><span class='ocrx_word' id='word_1_31' title='bbox 71 821 272 874; x_wconf 50' lang='lat' dir='ltr'><strong>chasanum</strong></span> <span class='ocrx_word' id='word_1_32' title='bbox 284 795 323 856; x_wconf 90' lang='lat' dir='ltr'><strong>et</strong></span> <span class='ocrx_word' id='word_1_33' title='bbox 329 785 618 882; x_wconf 77' lang='lat' dir='ltr'><strong>prrrferrionem.</strong></span> <span class='ocrx_word' id='word_1_34' title='bbox 670 787 868 884; x_wconf 64' lang='lat' dir='ltr'><strong>Prrffesaio</strong></span> <span class='ocrx_word' id='word_1_35' title='bbox 896 811 985 883; x_wconf 83' lang='lat' dir='ltr'><strong>ergo</strong></span> <span class='ocrx_word' id='word_1_36' title='bbox 1001 788 1164 882; x_wconf 91' lang='lat' dir='ltr'><strong>plurium</strong></span> <span class='ocrx_word' id='word_1_37' title='bbox 1182 788 1333 883; x_wconf 85' lang='lat' dir='ltr'><strong>dogma-</strong></span> 
     </span>
    </p>
   </div>
   <div class='ocr_carea' id='block_1_7' title="bbox 70 885 1333 1007">
    <p class='ocr_par' dir='ltr' id='par_1_7' title="bbox 70 885 1333 1007">
     <span class='ocr_line' id='line_1_7' title="bbox 70 885 1333 1007; baseline 0.002 -37"><span class='ocrx_word' id='word_1_38' title='bbox 70 885 262 1007; x_wconf 53' lang='grc' dir='ltr'><strong>ξξῇζζζζζῗοζξ</strong></span> <span class='ocrx_word' id='word_1_39' title='bbox 283 908 375 986; x_wconf 91' lang='lat' dir='ltr'><strong>tum,</strong></span> <span class='ocrx_word' id='word_1_40' title='bbox 395 899 426 972; x_wconf 90' lang='lat' dir='ltr'><strong>si</strong></span> <span class='ocrx_word' id='word_1_41' title='bbox 439 900 626 995; x_wconf 87' lang='lat' dir='ltr'><strong>jubeatur,</strong></span> <span class='ocrx_word' id='word_1_42' title='bbox 644 901 863 973; x_wconf 78' lang='lat' dir='ltr'><strong>necessaria</strong></span> <span class='ocrx_word' id='word_1_43' title='bbox 886 925 964 974; x_wconf 89' lang='lat' dir='ltr'><strong>esse</strong></span> <span class='ocrx_word' id='word_1_44' title='bbox 988 913 1133 997; x_wconf 89' lang='lat' dir='ltr'><strong>potest;</strong></span> <span class='ocrx_word' id='word_1_45' title='bbox 1161 915 1220 974; x_wconf 91' lang='lat' dir='ltr'><strong>est</strong></span> <span class='ocrx_word' id='word_1_46' title='bbox 1237 901 1333 972; x_wconf 90' lang='lat' dir='ltr'><strong>enim</strong></span> 
     </span>
    </p>
   </div>
   <div class='ocr_carea' id='block_1_8' title="bbox 71 1011 1334 1139">
    <p class='ocr_par' dir='ltr' id='par_1_8' title="bbox 71 1011 1334 1139">
     <span class='ocr_line' id='line_1_8' title="bbox 71 1011 1334 1139; baseline 0.003 -55"><span class='ocrx_word' id='word_1_47' title='bbox 71 1021 369 1139; x_wconf 32' lang='lat' dir='ltr'><strong>{zazzeffgffilm&#39;pars</strong></span> <span class='ocrx_word' id='word_1_48' title='bbox 387 1011 607 1086; x_wconf 69' lang='lat' dir='ltr'><strong>ohedientia</strong></span> <span class='ocrx_word' id='word_1_49' title='bbox 619 1014 761 1109; x_wconf 82' lang='lat' dir='ltr'><strong>legibus</strong></span> <span class='ocrx_word' id='word_1_50' title='bbox 775 1013 922 1088; x_wconf 85' lang='lat' dir='ltr'><strong>debitae.</strong></span> <span class='ocrx_word' id='word_1_51' title='bbox 962 1015 1036 1088; x_wconf 85' lang='lat' dir='ltr'><strong>Sed</strong></span> <span class='ocrx_word' id='word_1_52' title='bbox 1046 1039 1122 1088; x_wconf 88' lang='lat' dir='ltr'><strong>non</strong></span> <span class='ocrx_word' id='word_1_53' title='bbox 1136 1015 1334 1110; x_wconf 90' lang='lat' dir='ltr'><strong>quaerimus</strong></span> 
     </span>
    </p>
   </div>
   <div class='ocr_carea' id='block_1_9' title="bbox 184 1125 1336 1678">
    <p class='ocr_par' dir='ltr' id='par_1_9' title="bbox 184 1125 1336 1678">
     <span class='ocr_line' id='line_1_9' title="bbox 280 1125 1334 1220; baseline 0.002 -23"><span class='ocrx_word' id='word_1_54' title='bbox 280 1125 358 1220; x_wconf 88' lang='lat' dir='ltr'><strong>jam</strong></span> <span class='ocrx_word' id='word_1_55' title='bbox 386 1126 432 1198; x_wconf 91' lang='lat' dir='ltr'><strong>de</strong></span> <span class='ocrx_word' id='word_1_56' title='bbox 459 1126 673 1201; x_wconf 82' lang='lat' dir='ltr'><strong>obedientia</strong></span> <span class='ocrx_word' id='word_1_57' title='bbox 704 1129 922 1201; x_wconf 77' lang='lat' dir='ltr'><strong>necessaria</strong></span> <span class='ocrx_word' id='word_1_58' title='bbox 946 1129 994 1202; x_wconf 87' lang='lat' dir='ltr'><strong>ad</strong></span> <span class='ocrx_word' id='word_1_59' title='bbox 1016 1129 1186 1216; x_wconf 86' lang='lat' dir='ltr'><strong>salutem,</strong></span> <span class='ocrx_word' id='word_1_60' title='bbox 1206 1127 1274 1200; x_wconf 88' lang='lat' dir='ltr'><strong>sed</strong></span> <span class='ocrx_word' id='word_1_61' title='bbox 1291 1128 1334 1200; x_wconf 92' lang='lat' dir='ltr'><strong>de</strong></span> 
     </span>
     <span class='ocr_line' id='line_1_10' title="bbox 271 1239 1335 1338; baseline 0 -26"><span class='ocrx_word' id='word_1_62' title='bbox 271 1239 370 1334; x_wconf 82' lang='lat' dir='ltr'><strong>fide.</strong></span> <span class='ocrx_word' id='word_1_63' title='bbox 422 1241 602 1313; x_wconf 84' lang='lat' dir='ltr'>Probatur</span> <span class='ocrx_word' id='word_1_64' title='bbox 615 1253 751 1328; x_wconf 89' lang='lat' dir='ltr'><strong>autern,</strong></span> <span class='ocrx_word' id='word_1_65' title='bbox 768 1242 900 1337; x_wconf 93' lang='lat' dir='ltr'><strong>primo,</strong></span> <span class='ocrx_word' id='word_1_66' title='bbox 919 1267 964 1315; x_wconf 88' lang='lat' dir='ltr'><strong>ex</strong></span> <span class='ocrx_word' id='word_1_67' title='bbox 991 1266 1104 1338; x_wconf 88' lang='lat' dir='ltr'><strong>scopo</strong></span> <span class='ocrx_word' id='word_1_68' title='bbox 1121 1241 1335 1336; x_wconf 82' lang='lat' dir='ltr'><strong>Evangelia-</strong></span> 
     </span>
     <span class='ocr_line' id='line_1_11' title="bbox 283 1354 1336 1451; baseline 0 -26"><span class='ocrx_word' id='word_1_69' title='bbox 283 1365 416 1443; x_wconf 88' lang='lat' dir='ltr'><strong>tarum,</strong></span> <span class='ocrx_word' id='word_1_70' title='bbox 432 1354 496 1449; x_wconf 90' lang='lat' dir='ltr'><strong>qui</strong></span> <span class='ocrx_word' id='word_1_71' title='bbox 524 1366 604 1427; x_wconf 92' lang='lat' dir='ltr'><strong>erat</strong></span> <span class='ocrx_word' id='word_1_72' title='bbox 629 1379 696 1449; x_wconf 91' lang='lat' dir='ltr'><strong>per</strong></span> <span class='ocrx_word' id='word_1_73' title='bbox 724 1355 1001 1451; x_wconf 85' lang='lat' dir='ltr'><strong>discriptionem</strong></span> <span class='ocrx_word' id='word_1_74' title='bbox 1023 1356 1111 1430; x_wconf 91' lang='lat' dir='ltr'><strong>vitae</strong></span> <span class='ocrx_word' id='word_1_75' title='bbox 1130 1354 1336 1428; x_wconf 86' lang='lat' dir='ltr'><strong>Servatoris</strong></span> 
     </span>
     <span class='ocr_line' id='line_1_12' title="bbox 184 1466 1336 1542; baseline 0 -4"><span class='ocrx_word' id='word_1_76' title='bbox 184 1481 188 1490; x_wconf 91' lang='grc'><strong>’</strong></span> <span class='ocrx_word' id='word_1_77' title='bbox 283 1466 400 1539; x_wconf 86' lang='lat' dir='ltr'><strong>nostri</strong></span> <span class='ocrx_word' id='word_1_78' title='bbox 427 1466 531 1539; x_wconf 88' lang='lat' dir='ltr'><strong>illurn</strong></span> <span class='ocrx_word' id='word_1_79' title='bbox 559 1491 674 1540; x_wconf 89' lang='lat' dir='ltr'><strong>unum</strong></span> <span class='ocrx_word' id='word_1_80' title='bbox 702 1467 899 1541; x_wconf 90' lang='lat' dir='ltr'><strong>articulum</strong></span> <span class='ocrx_word' id='word_1_81' title='bbox 926 1469 1102 1542; x_wconf 89' lang='lat' dir='ltr'><strong>stabilire.</strong></span> <span class='ocrx_word' id='word_1_82' title='bbox 1170 1467 1336 1540; x_wconf 84' lang='lat' dir='ltr'><strong>Sciamus</strong></span> 
     </span>
     <span class='ocr_line' id='line_1_13' title="bbox 283 1571 1336 1678; baseline 0.001 -26"><span class='ocrx_word' id='word_1_83' title='bbox 283 1592 408 1653; x_wconf 90' lang='lat' dir='ltr'><strong>antem</strong></span> <span class='ocrx_word' id='word_1_84' title='bbox 431 1580 543 1652; x_wconf 87' lang='lat' dir='ltr'><strong>talem</strong></span> <span class='ocrx_word' id='word_1_85' title='bbox 569 1580 681 1654; x_wconf 87' lang='lat' dir='ltr'><strong>fuisse</strong></span> <span class='ocrx_word' id='word_1_86' title='bbox 705 1571 859 1678; x_wconf 90' lang='lat' dir='ltr'><strong>scopum</strong></span> <span class='ocrx_word' id='word_1_87' title='bbox 884 1593 923 1654; x_wconf 88' lang='lat' dir='ltr'><strong>et</strong></span> <span class='ocrx_word' id='word_1_88' title='bbox 948 1582 1143 1656; x_wconf 90' lang='lat' dir='ltr'><strong>consilium</strong></span> <span class='ocrx_word' id='word_1_89' title='bbox 1168 1581 1336 1676; x_wconf 85' lang='lat' dir='ltr'><strong>Evange-</strong></span> 
     </span>
    </p>
   </div>
   <div class='ocr_carea' id='block_1_10' title="bbox 271 1791 1436 4264">
    <p class='ocr_par' dir='ltr' id='par_1_10' title="bbox 271 1791 1436 4264">
     <span class='ocr_line' id='line_1_14' title="bbox 283 1791 1336 1872; baseline -0.001 -21"><span class='ocrx_word' id='word_1_90' title='bbox 283 1794 526 1870; x_wconf 87' lang='lat' dir='ltr'><strong>quemadmodum</strong></span> <span class='ocrx_word' id='word_1_91' title='bbox 547 1791 686 1866; x_wconf 65' lang='lat' dir='ltr'><strong>sifveram</strong></span> <span class='ocrx_word' id='word_1_92' title='bbox 708 1803 738 1852; x_wconf 88' lang='lat' dir='ltr'><strong>et</strong></span> <span class='ocrx_word' id='word_1_93' title='bbox 761 1795 904 1852; x_wconf 88' lang='lat' dir='ltr'><strong>internam</strong></span> <span class='ocrx_word' id='word_1_94' title='bbox 927 1796 1127 1872; x_wconf 73' lang='lat' dir='ltr'><strong>poenitentiam</strong></span> <span class='ocrx_word' id='word_1_95' title='bbox 1150 1803 1336 1871; x_wconf 84' lang='lat' dir='ltr'><strong>peccatorum</strong></span> 
     </span>
     <span class='ocr_line' id='line_1_15' title="bbox 283 1885 1335 1962; baseline 0.002 -20"><span class='ocrx_word' id='word_1_96' title='bbox 283 1886 381 1955; x_wconf 88' lang='lat' dir='ltr'><strong>solam,</strong></span> <span class='ocrx_word' id='word_1_97' title='bbox 396 1905 432 1942; x_wconf 88' lang='lat' dir='ltr'><strong>ex</strong></span> <span class='ocrx_word' id='word_1_98' title='bbox 451 1895 532 1962; x_wconf 85' lang='lat' dir='ltr'><strong>parte</strong></span> <span class='ocrx_word' id='word_1_99' title='bbox 552 1885 681 1962; x_wconf 89' lang='lat' dir='ltr'><strong>justitiae‚</strong></span> <span class='ocrx_word' id='word_1_100' title='bbox 703 1887 874 1944; x_wconf 87' lang='lat' dir='ltr'><strong>adsalutem</strong></span> <span class='ocrx_word' id='word_1_101' title='bbox 897 1889 1087 1946; x_wconf 88' lang='lat' dir='ltr'><strong>necessariam</strong></span> <span class='ocrx_word' id='word_1_102' title='bbox 1106 1907 1168 1945; x_wconf 90' lang='lat' dir='ltr'><strong>esse</strong></span> <span class='ocrx_word' id='word_1_103' title='bbox 1193 1888 1335 1954; x_wconf 85' lang='lat' dir='ltr'><strong>dixissem,</strong></span> 
     </span>
     <span class='ocr_line' id='line_1_16' title="bbox 282 1977 1336 2055; baseline 0.001 -21"><span class='ocrx_word' id='word_1_104' title='bbox 282 1986 379 2034; x_wconf 90' lang='lat' dir='ltr'><strong>tamen</strong></span> <span class='ocrx_word' id='word_1_105' title='bbox 402 1996 456 2052; x_wconf 90' lang='lat' dir='ltr'><strong>pro</strong></span> <span class='ocrx_word' id='word_1_106' title='bbox 476 1978 622 2052; x_wconf 88' lang='lat' dir='ltr'><strong>paradoxo</strong></span> <span class='ocrx_word' id='word_1_107' title='bbox 646 1978 812 2035; x_wconf 86' lang='lat' dir='ltr'><strong>habendum</strong></span> <span class='ocrx_word' id='word_1_108' title='bbox 835 1997 892 2035; x_wconf 91' lang='lat' dir='ltr'><strong>non</strong></span> <span class='ocrx_word' id='word_1_109' title='bbox 913 1977 1022 2046; x_wconf 82' lang='lat' dir='ltr'><strong>luisset,</strong></span> <span class='ocrx_word' id='word_1_110' title='bbox 1037 1980 1176 2055; x_wconf 90' lang='lat' dir='ltr'><strong>quoniam</strong></span> <span class='ocrx_word' id='word_1_111' title='bbox 1190 1979 1219 2035; x_wconf 91' lang='lat' dir='ltr'><strong>in</strong></span> <span class='ocrx_word' id='word_1_112' title='bbox 1235 1997 1270 2036; x_wconf 89' lang='lat' dir='ltr'><strong>ea</strong></span> <span class='ocrx_word' id='word_1_113' title='bbox 1278 1978 1336 2054; x_wconf 87' lang='lat' dir='ltr'><strong>jus·</strong></span> 
     </span>
     <span class='ocr_line' id='line_1_17' title="bbox 284 2066 1336 2146; baseline 0.001 -20"><span class='ocrx_word' id='word_1_114' title='bbox 284 2070 384 2138; x_wconf 89' lang='lat' dir='ltr'><strong>titiam,</strong></span> <span class='ocrx_word' id='word_1_115' title='bbox 400 2066 599 2137; x_wconf 85' lang='lat' dir='ltr'><strong>obedientiam,</strong></span> <span class='ocrx_word' id='word_1_116' title='bbox 614 2076 701 2146; x_wconf 90' lang='lat' dir='ltr'><strong>atque</strong></span> <span class='ocrx_word' id='word_1_117' title='bbox 716 2071 842 2126; x_wconf 87' lang='lat' dir='ltr'><strong>animum</strong></span> <span class='ocrx_word' id='word_1_118' title='bbox 854 2069 890 2126; x_wconf 87' lang='lat' dir='ltr'><strong>ad</strong></span> <span class='ocrx_word' id='word_1_119' title='bbox 901 2088 1000 2127; x_wconf 90' lang='lat' dir='ltr'><strong>omnes</strong></span> <span class='ocrx_word' id='word_1_120' title='bbox 1015 2071 1135 2127; x_wconf 88' lang='lat' dir='ltr'><strong>virtutes</strong></span> <span class='ocrx_word' id='word_1_121' title='bbox 1149 2069 1336 2127; x_wconf 75' lang='lat' dir='ltr'><strong>reformatum</strong></span> 
     </span>
     <span class='ocr_line' id='line_1_18' title="bbox 284 2161 1336 2236; baseline 0 -18"><span class='ocrx_word' id='word_1_122' title='bbox 284 2161 425 2218; x_wconf 82' lang='lat' dir='ltr'><strong>contineri</strong></span> <span class='ocrx_word' id='word_1_123' title='bbox 439 2161 633 2236; x_wconf 84' lang='lat' dir='ltr'><strong>intelligimus.</strong></span> <span class='ocrx_word' id='word_1_124' title='bbox 673 2161 719 2218; x_wconf 82' lang='lat' dir='ltr'><strong>lta</strong></span> <span class='ocrx_word' id='word_1_125' title='bbox 739 2180 806 2219; x_wconf 87' lang='lat' dir='ltr'><strong>eum</strong></span> <span class='ocrx_word' id='word_1_126' title='bbox 826 2161 914 2218; x_wconf 86' lang='lat' dir='ltr'><strong>fidem</strong></span> <span class='ocrx_word' id='word_1_127' title='bbox 928 2163 1013 2219; x_wconf 87' lang='lat' dir='ltr'><strong>unius</strong></span> <span class='ocrx_word' id='word_1_128' title='bbox 1027 2162 1141 2220; x_wconf 81' lang='lat' dir='ltr'><strong>articuli</strong></span> <span class='ocrx_word' id='word_1_129' title='bbox 1155 2162 1289 2220; x_wconf 84' lang='lat' dir='ltr'><strong>sufficere</strong></span> <span class='ocrx_word' id='word_1_130' title='bbox 1302 2162 1336 2218; x_wconf 85' lang='lat' dir='ltr'><strong>ad</strong></span> 
     </span>
     <span class='ocr_line' id='line_1_19' title="bbox 283 2252 1337 2318; baseline 0.005 -10"><span class='ocrx_word' id='word_1_131' title='bbox 283 2252 405 2310; x_wconf 86' lang='lat' dir='ltr'><strong>salutem</strong></span> <span class='ocrx_word' id='word_1_132' title='bbox 418 2252 495 2318; x_wconf 89' lang='lat' dir='ltr'><strong>dico,</strong></span> <span class='ocrx_word' id='word_1_133' title='bbox 509 2253 671 2308; x_wconf 88' lang='lat' dir='ltr'><strong>mirandum</strong></span> <span class='ocrx_word' id='word_1_134' title='bbox 682 2254 777 2310; x_wconf 90' lang='lat' dir='ltr'><strong>minus</strong></span> <span class='ocrx_word' id='word_1_135' title='bbox 793 2263 845 2316; x_wconf 88' lang='lat' dir='ltr'><strong>est,</strong></span> <span class='ocrx_word' id='word_1_136' title='bbox 856 2272 922 2310; x_wconf 90' lang='lat' dir='ltr'><strong>oum</strong></span> <span class='ocrx_word' id='word_1_137' title='bbox 934 2254 962 2310; x_wconf 92' lang='lat' dir='ltr'><strong>in</strong></span> <span class='ocrx_word' id='word_1_138' title='bbox 972 2273 1008 2310; x_wconf 92' lang='lat' dir='ltr'><strong>eo</strong></span> <span class='ocrx_word' id='word_1_139' title='bbox 1021 2263 1065 2312; x_wconf 85' lang='lat' dir='ltr'><strong>tot</strong></span> <span class='ocrx_word' id='word_1_140' title='bbox 1075 2254 1123 2311; x_wconf 88' lang='lat' dir='ltr'><strong>alii</strong></span> <span class='ocrx_word' id='word_1_141' title='bbox 1134 2254 1250 2312; x_wconf 83' lang='lat' dir='ltr'><strong>articuli</strong></span> <span class='ocrx_word' id='word_1_142' title='bbox 1262 2273 1337 2312; x_wconf 87' lang='lat' dir='ltr'><strong>eom·</strong></span> 
     </span>
     <span class='ocr_line' id='line_1_20' title="bbox 285 2344 1335 2422; baseline 0.003 -22"><span class='ocrx_word' id='word_1_143' title='bbox 285 2344 509 2418; x_wconf 87' lang='lat' dir='ltr'><strong>prehendantur.</strong></span> <span class='ocrx_word' id='word_1_144' title='bbox 552 2344 627 2402; x_wconf 90' lang='lat' dir='ltr'><strong>Nam</strong></span> <span class='ocrx_word' id='word_1_145' title='bbox 641 2346 731 2404; x_wconf 88' lang='lat' dir='ltr'><strong>verba</strong></span> <span class='ocrx_word' id='word_1_146' title='bbox 751 2346 823 2413; x_wconf 87' lang='lat' dir='ltr'><strong>haec,</strong></span> <span class='ocrx_word' id='word_1_147' title='bbox 837 2347 920 2402; x_wconf 76' lang='lat' dir='ltr'><strong>¹lesus</strong></span> <span class='ocrx_word' id='word_1_148' title='bbox 940 2351 980 2403; x_wconf 82' lang='lat' dir='ltr'><strong>est</strong></span> <span class='ocrx_word' id='word_1_149' title='bbox 1001 2346 1143 2416; x_wconf 75' lang='lat' dir='ltr'><strong>Christus,</strong></span> <span class='ocrx_word' id='word_1_150' title='bbox 1164 2346 1335 2422; x_wconf 86' lang='lat' dir='ltr'><strong>significant,</strong></span> 
     </span>
     <span class='ocr_line' id='line_1_21' title="bbox 284 2436 1336 2514; baseline 0 -20"><span class='ocrx_word' id='word_1_151' title='bbox 284 2437 386 2495; x_wconf 89' lang='lat' dir='ltr'><strong>Jesum</strong></span> <span class='ocrx_word' id='word_1_152' title='bbox 406 2455 466 2493; x_wconf 90' lang='lat' dir='ltr'><strong>esse</strong></span> <span class='ocrx_word' id='word_1_153' title='bbox 486 2436 574 2502; x_wconf 90' lang='lat' dir='ltr'><strong>illum,</strong></span> <span class='ocrx_word' id='word_1_154' title='bbox 585 2456 671 2513; x_wconf 90' lang='lat' dir='ltr'><strong>quem</strong></span> <span class='ocrx_word' id='word_1_155' title='bbox 693 2437 775 2495; x_wconf 91' lang='lat' dir='ltr'><strong>Deus</strong></span> <span class='ocrx_word' id='word_1_156' title='bbox 789 2446 942 2494; x_wconf 89' lang='lat' dir='ltr'><strong>venturum</strong></span> <span class='ocrx_word' id='word_1_157' title='bbox 956 2438 984 2494; x_wconf 93' lang='lat' dir='ltr'><strong>in</strong></span> <span class='ocrx_word' id='word_1_158' title='bbox 1000 2438 1139 2495; x_wconf 91' lang='lat' dir='ltr'><strong>mundum</strong></span> <span class='ocrx_word' id='word_1_159' title='bbox 1154 2439 1192 2495; x_wconf 88' lang='lat' dir='ltr'><strong>ad</strong></span> <span class='ocrx_word' id='word_1_160' title='bbox 1217 2457 1336 2514; x_wconf 85' lang='lat' dir='ltr'><strong>regnum</strong></span> 
     </span>
     <span class='ocr_line' id='line_1_22' title="bbox 284 2527 1436 2605; baseline 0 -21"><span class='ocrx_word' id='word_1_161' title='bbox 284 2547 369 2584; x_wconf 90' lang='lat' dir='ltr'><strong>suurn</strong></span> <span class='ocrx_word' id='word_1_162' title='bbox 393 2527 610 2584; x_wconf 87' lang='lat' dir='ltr'><strong>instaurandum</strong></span> <span class='ocrx_word' id='word_1_163' title='bbox 631 2529 801 2604; x_wconf 84' lang='lat' dir='ltr'><strong>promiserat</strong></span> <span class='ocrx_word' id='word_1_164' title='bbox 823 2547 874 2603; x_wconf 90' lang='lat' dir='ltr'><strong>per</strong></span> <span class='ocrx_word' id='word_1_165' title='bbox 897 2529 1060 2605; x_wconf 75' lang='lat' dir='ltr'><strong>prophetas,</strong></span> <span class='ocrx_word' id='word_1_166' title='bbox 1084 2531 1139 2587; x_wconf 93' lang='lat' dir='ltr'><strong>hoc</strong></span> <span class='ocrx_word' id='word_1_167' title='bbox 1160 2539 1214 2598; x_wconf 86' lang='lat' dir='ltr'><strong>est,</strong></span> <span class='ocrx_word' id='word_1_168' title='bbox 1238 2531 1336 2589; x_wconf 88' lang='lat' dir='ltr'><strong>Jesum</strong></span> <span class='ocrx_word' id='word_1_169' title='bbox 1435 2575 1436 2584; x_wconf 70' lang='grc'>,</span> 
     </span>
     <span class='ocr_line' id='line_1_23' title="bbox 285 2619 1337 2698; baseline 0.002 -22"><span class='ocrx_word' id='word_1_170' title='bbox 285 2639 346 2678; x_wconf 89' lang='lat' dir='ltr'><strong>esse</strong></span> <span class='ocrx_word' id='word_1_171' title='bbox 360 2619 465 2678; x_wconf 89' lang='lat' dir='ltr'><strong>Filium</strong></span> <span class='ocrx_word' id='word_1_172' title='bbox 478 2619 536 2678; x_wconf 92' lang='lat' dir='ltr'><strong>Dei</strong></span> <span class='ocrx_word' id='word_1_173' title='bbox 551 2619 695 2678; x_wconf 86' lang='lat' dir='ltr'><strong>Creatoris</strong></span> <span class='ocrx_word' id='word_1_174' title='bbox 720 2620 785 2678; x_wconf 87' lang='lat' dir='ltr'><strong>coeli</strong></span> <span class='ocrx_word' id='word_1_175' title='bbox 809 2629 838 2678; x_wconf 89' lang='lat' dir='ltr'><strong>et</strong></span> <span class='ocrx_word' id='word_1_176' title='bbox 857 2629 949 2688; x_wconf 77' lang='lat' dir='ltr'><strong>terra,</strong></span> <span class='ocrx_word' id='word_1_177' title='bbox 965 2630 1065 2678; x_wconf 90' lang='lat' dir='ltr'><strong>natum</strong></span> <span class='ocrx_word' id='word_1_178' title='bbox 1079 2639 1115 2680; x_wconf 86' lang='lat' dir='ltr'><strong>ex</strong></span> <span class='ocrx_word' id='word_1_179' title='bbox 1129 2620 1252 2698; x_wconf 88' lang='lat' dir='ltr'><strong>virgine,</strong></span> <span class='ocrx_word' id='word_1_180' title='bbox 1264 2641 1337 2678; x_wconf 91' lang='lat' dir='ltr'><strong>mor·</strong></span> 
     </span>
     <span class='ocr_line' id='line_1_24' title="bbox 286 2713 1338 2789; baseline 0 -17"><span class='ocrx_word' id='word_1_181' title='bbox 286 2724 368 2772; x_wconf 90' lang='lat' dir='ltr'><strong>tuum</strong></span> <span class='ocrx_word' id='word_1_182' title='bbox 395 2715 598 2789; x_wconf 85' lang='lat' dir='ltr'><strong>propeccatis</strong></span> <span class='ocrx_word' id='word_1_183' title='bbox 620 2732 729 2782; x_wconf 89' lang='lat' dir='ltr'><strong>eorum,</strong></span> <span class='ocrx_word' id='word_1_184' title='bbox 752 2714 802 2789; x_wconf 93' lang='lat' dir='ltr'><strong>qui</strong></span> <span class='ocrx_word' id='word_1_185' title='bbox 827 2714 971 2770; x_wconf 87' lang='lat' dir='ltr'><strong>essentia</strong></span> <span class='ocrx_word' id='word_1_186' title='bbox 996 2714 1077 2772; x_wconf 92' lang='lat' dir='ltr'><strong>illum</strong></span> <span class='ocrx_word' id='word_1_187' title='bbox 1100 2713 1259 2782; x_wconf 87' lang='lat' dir='ltr'><strong>credituri;</strong></span> <span class='ocrx_word' id='word_1_188' title='bbox 1279 2731 1338 2772; x_wconf 86' lang='lat' dir='ltr'><strong>esse</strong></span> 
     </span>
     <span class='ocr_line' id='line_1_25' title="bbox 287 2804 1435 2883; baseline -0.003 -18"><span class='ocrx_word' id='word_1_189' title='bbox 287 2808 445 2875; x_wconf 85' lang='lat' dir='ltr'><strong>Christum,</strong></span> <span class='ocrx_word' id='word_1_190' title='bbox 459 2807 488 2863; x_wconf 92' lang='lat' dir='ltr'><strong>id</strong></span> <span class='ocrx_word' id='word_1_191' title='bbox 513 2815 557 2864; x_wconf 85' lang='lat' dir='ltr'><strong>est</strong></span> <span class='ocrx_word' id='word_1_192' title='bbox 578 2824 697 2882; x_wconf 84' lang='lat' dir='ltr'><strong>regem;</strong></span> <span class='ocrx_word' id='word_1_193' title='bbox 718 2806 855 2862; x_wconf 85' lang='lat' dir='ltr'><strong>revixisse</strong></span> <span class='ocrx_word' id='word_1_194' title='bbox 876 2804 958 2881; x_wconf 85' lang='lat' dir='ltr'><strong>(narn</strong></span> <span class='ocrx_word' id='word_1_195' title='bbox 973 2806 1081 2882; x_wconf 89' lang='lat' dir='ltr'><strong>alioqui</strong></span> <span class='ocrx_word' id='word_1_196' title='bbox 1095 2815 1269 2883; x_wconf 86' lang='lat' dir='ltr'><strong>regnaturus</strong></span> <span class='ocrx_word' id='word_1_197' title='bbox 1282 2825 1337 2864; x_wconf 89' lang='lat' dir='ltr'><strong>aon</strong></span> <span class='ocrx_word' id='word_1_198' title='bbox 1434 2875 1435 2878; x_wconf 7' lang='grc' dir='ltr'><strong>Ἴ</strong></span> 
     </span>
     <span class='ocr_line' id='line_1_26' title="bbox 286 2898 1337 2976; baseline -0.002 -20"><span class='ocrx_word' id='word_1_199' title='bbox 286 2899 342 2970; x_wconf 79' lang='lat' dir='ltr'><strong>est)</strong></span> <span class='ocrx_word' id='word_1_200' title='bbox 361 2898 559 2976; x_wconf 86' lang='lat' dir='ltr'><strong>judicaturum</strong></span> <span class='ocrx_word' id='word_1_201' title='bbox 582 2898 723 2956; x_wconf 90' lang='lat' dir='ltr'><strong>mundum</strong></span> <span class='ocrx_word' id='word_1_202' title='bbox 743 2908 773 2956; x_wconf 89' lang='lat' dir='ltr'><strong>et</strong></span> <span class='ocrx_word' id='word_1_203' title='bbox 792 2906 1042 2956; x_wconf 84' lang='lat' dir='ltr'><strong>remuneraturum</strong></span> <span class='ocrx_word' id='word_1_204' title='bbox 1064 2898 1228 2956; x_wconf 88' lang='lat' dir='ltr'><strong>eorundum</strong></span> <span class='ocrx_word' id='word_1_205' title='bbox 1242 2916 1337 2974; x_wconf 89' lang='lat' dir='ltr'><strong>opera,</strong></span> 
     </span>
     <span class='ocr_line' id='line_1_27' title="bbox 286 2991 1338 3066; baseline 0 -19"><span class='ocrx_word' id='word_1_206' title='bbox 286 2991 369 3048; x_wconf 87' lang='lat' dir='ltr'><strong>aliter</strong></span> <span class='ocrx_word' id='word_1_207' title='bbox 382 2992 459 3048; x_wconf 90' lang='lat' dir='ltr'><strong>enim</strong></span> <span class='ocrx_word' id='word_1_208' title='bbox 473 3009 525 3048; x_wconf 84' lang='lat' dir='ltr'><strong>rex</strong></span> <span class='ocrx_word' id='word_1_209' title='bbox 539 3009 664 3048; x_wconf 89' lang='lat' dir='ltr'><strong>essenon</strong></span> <span class='ocrx_word' id='word_1_210' title='bbox 677 2998 790 3066; x_wconf 86' lang='lat' dir='ltr'><strong>potest;</strong></span> <span class='ocrx_word' id='word_1_211' title='bbox 811 2992 879 3048; x_wconf 90' lang='lat' dir='ltr'><strong>item</strong></span> <span class='ocrx_word' id='word_1_212' title='bbox 894 3000 1104 3048; x_wconf 88' lang='lat' dir='ltr'><strong>resurrecturos</strong></span> <span class='ocrx_word' id='word_1_213' title='bbox 1118 3009 1180 3047; x_wconf 89' lang='lat' dir='ltr'><strong>esse</strong></span> <span class='ocrx_word' id='word_1_214' title='bbox 1194 2991 1338 3048; x_wconf 87' lang='lat' dir='ltr'><strong>homines:</strong></span> 
     </span>
     <span class='ocr_line' id='line_1_28' title="bbox 286 3081 1339 3159; baseline -0.002 -19"><span class='ocrx_word' id='word_1_215' title='bbox 286 3102 353 3140; x_wconf 90' lang='lat' dir='ltr'><strong>nam</strong></span> <span class='ocrx_word' id='word_1_216' title='bbox 377 3084 486 3159; x_wconf 87' lang='lat' dir='ltr'><strong>absque</strong></span> <span class='ocrx_word' id='word_1_217' title='bbox 508 3084 563 3140; x_wconf 89' lang='lat' dir='ltr'><strong>hoc</strong></span> <span class='ocrx_word' id='word_1_218' title='bbox 587 3082 624 3139; x_wconf 90' lang='lat' dir='ltr'><strong>ad</strong></span> <span class='ocrx_word' id='word_1_219' title='bbox 641 3083 784 3159; x_wconf 88' lang='lat' dir='ltr'><strong>judicium</strong></span> <span class='ocrx_word' id='word_1_220' title='bbox 802 3083 914 3140; x_wconf 88' lang='lat' dir='ltr'><strong>venturi</strong></span> <span class='ocrx_word' id='word_1_221' title='bbox 940 3101 998 3138; x_wconf 90' lang='lat' dir='ltr'><strong>non</strong></span> <span class='ocrx_word' id='word_1_222' title='bbox 1020 3090 1096 3138; x_wconf 86' lang='lat' dir='ltr'><strong>sunt.</strong></span> <span class='ocrx_word' id='word_1_223' title='bbox 1135 3081 1240 3158; x_wconf 90' lang='lat' dir='ltr'><strong>Itaque</strong></span> <span class='ocrx_word' id='word_1_224' title='bbox 1256 3084 1339 3139; x_wconf 84' lang='lat' dir='ltr'><strong>unico</strong></span> 
     </span>
     <span class='ocr_line' id='line_1_29' title="bbox 287 3174 1339 3251; baseline 0 -20"><span class='ocrx_word' id='word_1_225' title='bbox 287 3176 344 3232; x_wconf 87' lang='lat' dir='ltr'><strong>hoc</strong></span> <span class='ocrx_word' id='word_1_226' title='bbox 366 3175 489 3232; x_wconf 88' lang='lat' dir='ltr'><strong>articulo</strong></span> <span class='ocrx_word' id='word_1_227' title='bbox 521 3183 613 3231; x_wconf 90' lang='lat' dir='ltr'><strong>toturn</strong></span> <span class='ocrx_word' id='word_1_228' title='bbox 647 3177 812 3233; x_wconf 86' lang='lat' dir='ltr'><strong>continetur</strong></span> <span class='ocrx_word' id='word_1_229' title='bbox 834 3175 996 3250; x_wconf 83' lang='lat' dir='ltr'><strong>symbolum</strong></span> <span class='ocrx_word' id='word_1_230' title='bbox 1016 3174 1231 3249; x_wconf 66' lang='lat' dir='ltr'><strong>apostolorum</strong></span> <span class='ocrx_word' id='word_1_231' title='bbox 1262 3175 1339 3251; x_wconf 91' lang='lat' dir='ltr'><strong>quod</strong></span> 
     </span>
     <span class='ocr_line' id='line_1_30' title="bbox 287 3266 1341 3342; baseline -0.002 -18"><span class='ocrx_word' id='word_1_232' title='bbox 287 3275 383 3324; x_wconf 83' lang='lat' dir='ltr'><strong>tamen</strong></span> <span class='ocrx_word' id='word_1_233' title='bbox 407 3267 449 3324; x_wconf 88' lang='lat' dir='ltr'><strong>sie</strong></span> <span class='ocrx_word' id='word_1_234' title='bbox 473 3267 701 3324; x_wconf 87' lang='lat' dir='ltr'><strong>contrahendum</strong></span> <span class='ocrx_word' id='word_1_235' title='bbox 720 3268 785 3325; x_wconf 91' lang='lat' dir='ltr'><strong>ideo</strong></span> <span class='ocrx_word' id='word_1_236' title='bbox 804 3268 972 3335; x_wconf 86' lang='lat' dir='ltr'><strong>existimavi,</strong></span> <span class='ocrx_word' id='word_1_237' title='bbox 987 3266 1066 3342; x_wconf 92' lang='lat' dir='ltr'><strong>quod</strong></span> <span class='ocrx_word' id='word_1_238' title='bbox 1080 3266 1209 3324; x_wconf 86' lang='lat' dir='ltr'><strong>viderem</strong></span> <span class='ocrx_word' id='word_1_239' title='bbox 1224 3274 1341 3342; x_wconf 85' lang='lat' dir='ltr'><strong>propter</strong></span> 
     </span>
     <span class='ocr_line' id='line_1_31' title="bbox 287 3359 1340 3437; baseline -0.001 -21"><span class='ocrx_word' id='word_1_240' title='bbox 287 3359 365 3417; x_wconf 90' lang='lat' dir='ltr'><strong>hune</strong></span> <span class='ocrx_word' id='word_1_241' title='bbox 388 3359 490 3428; x_wconf 91' lang='lat' dir='ltr'><strong>solum,</strong></span> <span class='ocrx_word' id='word_1_242' title='bbox 512 3361 573 3417; x_wconf 91' lang='lat' dir='ltr'><strong>sine</strong></span> <span class='ocrx_word' id='word_1_243' title='bbox 594 3361 713 3426; x_wconf 86' lang='lat' dir='ltr'><strong>caeteris,</strong></span> <span class='ocrx_word' id='word_1_244' title='bbox 735 3360 786 3435; x_wconf 92' lang='lat' dir='ltr'><strong>qui</strong></span> <span class='ocrx_word' id='word_1_245' title='bbox 808 3379 844 3417; x_wconf 85' lang='lat' dir='ltr'><strong>ex</strong></span> <span class='ocrx_word' id='word_1_246' title='bbox 867 3378 902 3416; x_wconf 89' lang='lat' dir='ltr'><strong>eo</strong></span> <span class='ocrx_word' id='word_1_247' title='bbox 922 3378 975 3436; x_wconf 87' lang='lat' dir='ltr'><strong>per</strong></span> <span class='ocrx_word' id='word_1_248' title='bbox 994 3359 1231 3437; x_wconf 87' lang='lat' dir='ltr'><strong>consequentiam</strong></span> <span class='ocrx_word' id='word_1_249' title='bbox 1252 3359 1340 3416; x_wconf 93' lang='lat' dir='ltr'><strong>dedu·</strong></span> 
     </span>
     <span class='ocr_line' id='line_1_32' title="bbox 287 3449 1340 3528; baseline -0.002 -20"><span class='ocrx_word' id='word_1_250' title='bbox 287 3460 403 3520; x_wconf 90' lang='lat' dir='ltr'><strong>cuntur,</strong></span> <span class='ocrx_word' id='word_1_251' title='bbox 416 3449 574 3526; x_wconf 87' lang='lat' dir='ltr'><strong>permultos</strong></span> <span class='ocrx_word' id='word_1_252' title='bbox 587 3459 649 3509; x_wconf 91' lang='lat' dir='ltr'><strong>tum</strong></span> <span class='ocrx_word' id='word_1_253' title='bbox 663 3470 680 3508; x_wconf 91' lang='lat' dir='ltr'><strong>a</strong></span> <span class='ocrx_word' id='word_1_254' title='bbox 695 3449 812 3508; x_wconf 87' lang='lat' dir='ltr'><strong>Christo</strong></span> <span class='ocrx_word' id='word_1_255' title='bbox 825 3459 886 3508; x_wconf 86' lang='lat' dir='ltr'><strong>turn</strong></span> <span class='ocrx_word' id='word_1_256' title='bbox 901 3451 937 3508; x_wconf 89' lang='lat' dir='ltr'><strong>ab</strong></span> <span class='ocrx_word' id='word_1_257' title='bbox 952 3450 1088 3526; x_wconf 86' lang='lat' dir='ltr'><strong>apostolis</strong></span> <span class='ocrx_word' id='word_1_258' title='bbox 1102 3450 1163 3526; x_wconf 89' lang='lat' dir='ltr'><strong>ejus</strong></span> <span class='ocrx_word' id='word_1_259' title='bbox 1177 3451 1207 3507; x_wconf 90' lang='lat' dir='ltr'><strong>iu</strong></span> <span class='ocrx_word' id='word_1_260' title='bbox 1219 3469 1340 3528; x_wconf 88' lang='lat' dir='ltr'><strong>reguum</strong></span> 
     </span>
     <span class='ocr_line' id='line_1_33' title="bbox 287 3541 1341 3622; baseline -0.003 -21"><span class='ocrx_word' id='word_1_261' title='bbox 287 3543 344 3602; x_wconf 90' lang='lat' dir='ltr'><strong>Dei</strong></span> <span class='ocrx_word' id='word_1_262' title='bbox 358 3544 497 3600; x_wconf 88' lang='lat' dir='ltr'><strong>admissos</strong></span> <span class='ocrx_word' id='word_1_263' title='bbox 510 3541 614 3622; x_wconf 67' lang='lat' dir='ltr'><strong>fuisse:</strong></span> <span class='ocrx_word' id='word_1_264' title='bbox 637 3550 667 3599; x_wconf 87' lang='lat' dir='ltr'><strong>ut</strong></span> <span class='ocrx_word' id='word_1_265' title='bbox 688 3542 762 3600; x_wconf 90' lang='lat' dir='ltr'><strong>latro</strong></span> <span class='ocrx_word' id='word_1_266' title='bbox 786 3543 815 3600; x_wconf 92' lang='lat' dir='ltr'><strong>iu</strong></span> <span class='ocrx_word' id='word_1_267' title='bbox 840 3559 943 3610; x_wconf 87' lang='lat' dir='ltr'><strong>cruee;</strong></span> <span class='ocrx_word' id='word_1_268' title='bbox 964 3551 996 3598; x_wconf 87' lang='lat' dir='ltr'><strong>ut</strong></span> <span class='ocrx_word' id='word_1_269' title='bbox 1010 3542 1161 3598; x_wconf 89' lang='lat' dir='ltr'><strong>cunuchus</strong></span> <span class='ocrx_word' id='word_1_270' title='bbox 1174 3560 1193 3598; x_wconf 89' lang='lat' dir='ltr'><strong>a</strong></span> <span class='ocrx_word' id='word_1_271' title='bbox 1207 3541 1341 3618; x_wconf 84' lang='lat' dir='ltr'><strong>Philippo</strong></span> 
     </span>
     <span class='ocr_line' id='line_1_34' title="bbox 287 3631 1341 3712; baseline -0.002 -20"><span class='ocrx_word' id='word_1_272' title='bbox 287 3637 467 3712; x_wconf 87' lang='lat' dir='ltr'><strong>baptizatus;</strong></span> <span class='ocrx_word' id='word_1_273' title='bbox 487 3643 520 3692; x_wconf 88' lang='lat' dir='ltr'><strong>ut</strong></span> <span class='ocrx_word' id='word_1_274' title='bbox 543 3635 601 3691; x_wconf 93' lang='lat' dir='ltr'><strong>duo</strong></span> <span class='ocrx_word' id='word_1_275' title='bbox 625 3635 714 3692; x_wconf 89' lang='lat' dir='ltr'><strong>millia</strong></span> <span class='ocrx_word' id='word_1_276' title='bbox 733 3634 881 3692; x_wconf 90' lang='lat' dir='ltr'><strong>hominurn</strong></span> <span class='ocrx_word' id='word_1_277' title='bbox 895 3634 932 3690; x_wconf 89' lang='lat' dir='ltr'><strong>ad</strong></span> <span class='ocrx_word' id='word_1_278' title='bbox 945 3631 1094 3690; x_wconf 88' lang='lat' dir='ltr'><strong>eeclesiam</strong></span> <span class='ocrx_word' id='word_1_279' title='bbox 1109 3644 1241 3690; x_wconf 89' lang='lat' dir='ltr'><strong>asaueto</strong></span> <span class='ocrx_word' id='word_1_280' title='bbox 1254 3633 1341 3691; x_wconf 87' lang='lat' dir='ltr'><strong>Petro</strong></span> 
     </span>
     <span class='ocr_line' id='line_1_35' title="bbox 288 3715 1341 3805; baseline -0.004 -19"><span class='ocrx_word' id='word_1_281' title='bbox 288 3730 372 3786; x_wconf 88' lang='lat' dir='ltr'><strong>simul</strong></span> <span class='ocrx_word' id='word_1_282' title='bbox 386 3736 553 3805; x_wconf 85' lang='lat' dir='ltr'><strong>aggregata.</strong></span> <span class='ocrx_word' id='word_1_283' title='bbox 595 3729 626 3785; x_wconf 87' lang='lat' dir='ltr'><strong>Si</strong></span> <span class='ocrx_word' id='word_1_284' title='bbox 640 3728 747 3803; x_wconf 90' lang='lat' dir='ltr'><strong>quibus</strong></span> <span class='ocrx_word' id='word_1_285' title='bbox 757 3736 854 3785; x_wconf 85' lang='lat' dir='ltr'><strong>autem</strong></span> <span class='ocrx_word' id='word_1_286' title='bbox 866 3726 921 3784; x_wconf 89' lang='lat' dir='ltr'><strong>hoe</strong></span> <span class='ocrx_word' id='word_1_287' title='bbox 934 3725 1074 3800; x_wconf 86' lang='lat' dir='ltr'><strong>displicet,</strong></span> <span class='ocrx_word' id='word_1_288' title='bbox 1082 3726 1163 3801; x_wconf 90' lang='lat' dir='ltr'><strong>quod</strong></span> <span class='ocrx_word' id='word_1_289' title='bbox 1174 3715 1223 3782; x_wconf 78' lang='lat' dir='ltr'><strong>eos</strong></span> <span class='ocrx_word' id='word_1_290' title='bbox 1233 3745 1341 3792; x_wconf 85' lang='lat' dir='ltr'><strong>omnes,</strong></span> 
     </span>
     <span class='ocr_line' id='line_1_36' title="bbox 271 3818 1341 3898; baseline -0.004 -20"><span class='ocrx_word' id='word_1_291' title='bbox 271 3853 273 3858; x_wconf 95' lang='lat'>·</span> <span class='ocrx_word' id='word_1_292' title='bbox 289 3823 338 3896; x_wconf 90' lang='lat' dir='ltr'><strong>qui</strong></span> <span class='ocrx_word' id='word_1_293' title='bbox 353 3822 474 3879; x_wconf 84' lang='lat' dir='ltr'><strong>articulo</strong></span> <span class='ocrx_word' id='word_1_294' title='bbox 489 3821 683 3898; x_wconf 88' lang='lat' dir='ltr'><strong>qualicunque</strong></span> <span class='ocrx_word' id='word_1_295' title='bbox 703 3821 740 3878; x_wconf 89' lang='lat' dir='ltr'><strong>ab</strong></span> <span class='ocrx_word' id='word_1_296' title='bbox 762 3819 884 3878; x_wconf 87' lang='lat' dir='ltr'><strong>ecclesia</strong></span> <span class='ocrx_word' id='word_1_297' title='bbox 903 3818 1022 3876; x_wconf 85' lang='lat' dir='ltr'><strong>delinito</strong></span> <span class='ocrx_word' id='word_1_298' title='bbox 1035 3835 1182 3876; x_wconf 88' lang='lat' dir='ltr'><strong>assensum</strong></span> <span class='ocrx_word' id='word_1_299' title='bbox 1197 3818 1341 3874; x_wconf 87' lang='lat' dir='ltr'><strong>internum</strong></span> 
     </span>
     <span class='ocr_line' id='line_1_37' title="bbox 289 3908 1342 3990; baseline -0.004 -20"><span class='ocrx_word' id='word_1_300' title='bbox 289 3933 346 3970; x_wconf 91' lang='lat' dir='ltr'><strong>non</strong></span> <span class='ocrx_word' id='word_1_301' title='bbox 370 3915 501 3988; x_wconf 82' lang='lat' dir='ltr'><strong>prmbeut</strong></span> <span class='ocrx_word' id='word_1_302' title='bbox 524 3913 594 3990; x_wconf 82' lang='lat' dir='ltr'><strong>(nec</strong></span> <span class='ocrx_word' id='word_1_303' title='bbox 615 3920 708 3970; x_wconf 85' lang='lat' dir='ltr'><strong>tamen</strong></span> <span class='ocrx_word' id='word_1_304' title='bbox 731 3910 1021 3979; x_wconf 65' lang='lat' dir='ltr'><strong>contradicuntsed,</strong></span> <span class='ocrx_word' id='word_1_305' title='bbox 1041 3910 1065 3967; x_wconf 90' lang='lat' dir='ltr'><strong>si</strong></span> <span class='ocrx_word' id='word_1_306' title='bbox 1084 3908 1253 3988; x_wconf 85' lang='lat' dir='ltr'><strong>jubeantur,</strong></span> <span class='ocrx_word' id='word_1_307' title='bbox 1274 3929 1342 3968; x_wconf 90' lang='lat' dir='ltr'><strong>cou-</strong></span> 
     </span>
     <span class='ocr_line' id='line_1_38' title="bbox 289 4001 1341 4082; baseline -0.002 -20"><span class='ocrx_word' id='word_1_308' title='bbox 289 4002 411 4082; x_wconf 89' lang='lat' dir='ltr'><strong>ceduut)</strong></span> <span class='ocrx_word' id='word_1_309' title='bbox 436 4024 493 4063; x_wconf 93' lang='lat' dir='ltr'><strong>non</strong></span> <span class='ocrx_word' id='word_1_310' title='bbox 514 4005 664 4062; x_wconf 88' lang='lat' dir='ltr'><strong>damnatos</strong></span> <span class='ocrx_word' id='word_1_311' title='bbox 682 4006 712 4060; x_wconf 89' lang='lat' dir='ltr'><strong>in</strong></span> <span class='ocrx_word' id='word_1_312' title='bbox 737 4012 876 4061; x_wconf 87' lang='lat' dir='ltr'><strong>aeternum</strong></span> <span class='ocrx_word' id='word_1_313' title='bbox 897 4020 1037 4070; x_wconf 86' lang='lat' dir='ltr'><strong>censeam,</strong></span> <span class='ocrx_word' id='word_1_314' title='bbox 1058 4001 1129 4077; x_wconf 89' lang='lat' dir='ltr'><strong>quid</strong></span> <span class='ocrx_word' id='word_1_315' title='bbox 1151 4003 1206 4059; x_wconf 89' lang='lat' dir='ltr'><strong>illis</strong></span> <span class='ocrx_word' id='word_1_316' title='bbox 1228 4002 1341 4070; x_wconf 79' lang='lat' dir='ltr'><strong>faciam,</strong></span> 
     </span>
     <span class='ocr_line' id='line_1_39' title="bbox 290 4093 1342 4172; baseline 0 -18"><span class='ocrx_word' id='word_1_317' title='bbox 290 4099 396 4154; x_wconf 87' lang='lat' dir='ltr'><strong>nescio.</strong></span> <span class='ocrx_word' id='word_1_318' title='bbox 437 4097 514 4154; x_wconf 90' lang='lat' dir='ltr'><strong>Nam</strong></span> <span class='ocrx_word' id='word_1_319' title='bbox 534 4106 567 4154; x_wconf 92' lang='lat' dir='ltr'><strong>ut</strong></span> <span class='ocrx_word' id='word_1_320' title='bbox 584 4097 755 4154; x_wconf 89' lang='lat' dir='ltr'><strong>sententiam</strong></span> <span class='ocrx_word' id='word_1_321' title='bbox 778 4104 895 4163; x_wconf 90' lang='lat' dir='ltr'><strong>mutem,</strong></span> <span class='ocrx_word' id='word_1_322' title='bbox 918 4094 1075 4171; x_wconf 87' lang='lat' dir='ltr'><strong>Scripturae</strong></span> <span class='ocrx_word' id='word_1_323' title='bbox 1090 4093 1198 4165; x_wconf 82' lang='lat' dir='ltr'><strong>Saeroe,</strong></span> <span class='ocrx_word' id='word_1_324' title='bbox 1212 4113 1279 4172; x_wconf 71' lang='lat' dir='ltr'><strong>quaa</strong></span> <span class='ocrx_word' id='word_1_325' title='bbox 1300 4115 1342 4154; x_wconf 91' lang='lat' dir='ltr'><strong>se·</strong></span> 
     </span>
     <span class='ocr_line' id='line_1_40' title="bbox 290 4187 977 4264; baseline -0.003 -19"><span class='ocrx_word' id='word_1_326' title='bbox 290 4197 427 4263; x_wconf 84' lang='lat' dir='ltr'><strong>quantur,</strong></span> <span class='ocrx_word' id='word_1_327' title='bbox 441 4189 605 4248; x_wconf 82' lang='lat' dir='ltr'><strong>testimonia</strong></span> <span class='ocrx_word' id='word_1_328' title='bbox 617 4190 794 4264; x_wconf 87' lang='lat' dir='ltr'><strong>apertissima</strong></span> <span class='ocrx_word' id='word_1_329' title='bbox 808 4187 977 4264; x_wconf 89' lang='lat' dir='ltr'><strong>impediunt.</strong></span> 
     </span>
    </p>
   </div>
   <div class='ocr_carea' id='block_1_11' title="bbox 0 0 1469 4912">
    <p class='ocr_par' dir='ltr' id='par_1_11' title="bbox 0 0 1469 4912">
     <span class='ocr_line' id='line_1_41' title="bbox 0 0 1469 4912; baseline 0 0"><span class='ocrx_word' id='word_1_330' title='bbox 0 0 1469 4912; x_wconf 95' lang='lat' dir='ltr'><strong> </strong></span> 
     </span>
    </p>
   </div>
  </div>
 </body>
</html>
