<?xml version="1.0" encoding="UTF-8"?>
<!DOCTYPE html PUBLIC "-//W3C//DTD XHTML 1.0 Transitional//EN"
    "http://www.w3.org/TR/xhtml1/DTD/xhtml1-transitional.dtd">
<html xmlns="http://www.w3.org/1999/xhtml" xml:lang="en" lang="en">
 <head>
  <title>
</title>
<meta http-equiv="Content-Type" content="text/html;charset=utf-8" />
  <meta name='ocr-system' content='tesseract 3.04.00' />
  <meta name='ocr-capabilities' content='ocr_page ocr_carea ocr_par ocr_line ocrx_word'/>
</head>
<body>
  <div class='ocr_page' id='page_1' title='image "./thomhobbesmalme09hobbgoog_0128.png"; bbox 0 0 2828 4912; ppageno 0'>
   <div class='ocr_carea' id='block_1_1' title="bbox 329 297 1125 368">
    <p class='ocr_par' dir='ltr' id='par_1_1' title="bbox 329 297 1125 368">
     <span class='ocr_line' id='line_1_1' title="bbox 329 297 1125 368; baseline 0.003 -4"><span class='ocrx_word' id='word_1_1' title='bbox 329 309 382 364; x_wconf 84' lang='grc' dir='ltr'><strong>ιιιι</strong></span> <span class='ocrx_word' id='word_1_2' title='bbox 404 309 596 366; x_wconf 81' lang='lat' dir='ltr'><strong>insanus</strong></span> <span class='ocrx_word' id='word_1_3' title='bbox 617 310 668 366; x_wconf 82' lang='lat' dir='ltr'><strong>an</strong></span> <span class='ocrx_word' id='word_1_4' title='bbox 687 310 890 368; x_wconf 82' lang='lat' dir='ltr'><strong>montane.</strong></span> <span class='ocrx_word' id='word_1_5' title='bbox 1056 297 1125 366; x_wconf 80' lang='grc'><strong>113</strong></span> 
     </span>
    </p>
   </div>
   <div class='ocr_carea' id='block_1_2' title="bbox 78 475 1329 4408">
    <p class='ocr_par' dir='ltr' id='par_1_2' title="bbox 78 475 1314 1258">
     <span class='ocr_line' id='line_1_2' title="bbox 80 475 1314 580; baseline -0.003 -22"><span class='ocrx_word' id='word_1_6' title='bbox 80 481 210 580; x_wconf 89' lang='lat' dir='ltr'><strong>ltaque</strong></span> <span class='ocrx_word' id='word_1_7' title='bbox 227 477 330 579; x_wconf 89' lang='lat' dir='ltr'><strong>apud</strong></span> <span class='ocrx_word' id='word_1_8' title='bbox 347 501 473 555; x_wconf 90' lang='lat' dir='ltr'><strong>omnes</strong></span> <span class='ocrx_word' id='word_1_9' title='bbox 490 487 619 576; x_wconf 90' lang='lat' dir='ltr'><strong>gentes</strong></span> <span class='ocrx_word' id='word_1_10' title='bbox 636 476 765 576; x_wconf 91' lang='lat' dir='ltr'><strong>religio</strong></span> <span class='ocrx_word' id='word_1_11' title='bbox 782 487 820 554; x_wconf 92' lang='lat' dir='ltr'><strong>et</strong></span> <span class='ocrx_word' id='word_1_12' title='bbox 832 475 1013 570; x_wconf 89' lang='lat' dir='ltr'><strong>doctrina,</strong></span> <span class='ocrx_word' id='word_1_13' title='bbox 1032 500 1124 576; x_wconf 90' lang='lat' dir='ltr'><strong>quas</strong></span> <span class='ocrx_word' id='word_1_14' title='bbox 1157 511 1259 568; x_wconf 62' lang='lat' dir='ltr'><strong>seon,</strong></span> <span class='ocrx_word' id='word_1_15' title='bbox 1275 513 1314 568; x_wconf 89' lang='lat' dir='ltr'><strong>u.</strong></span> 
     </span>
     <span class='ocr_line' id='line_1_3' title="bbox 80 589 1306 698; baseline -0.001 -29"><span class='ocrx_word' id='word_1_16' title='bbox 80 593 215 694; x_wconf 87' lang='lat' dir='ltr'><strong>quique</strong></span> <span class='ocrx_word' id='word_1_17' title='bbox 240 591 409 690; x_wconf 89' lang='lat' dir='ltr'><strong>eprimis</strong></span> <span class='ocrx_word' id='word_1_18' title='bbox 434 589 539 666; x_wconf 90' lang='lat' dir='ltr'><strong>annis</strong></span> <span class='ocrx_word' id='word_1_19' title='bbox 562 589 782 682; x_wconf 90' lang='lat' dir='ltr'><strong>didicerunt,</strong></span> <span class='ocrx_word' id='word_1_20' title='bbox 812 590 864 668; x_wconf 93' lang='lat' dir='ltr'><strong>ita</strong></span> <span class='ocrx_word' id='word_1_21' title='bbox 889 614 951 667; x_wconf 89' lang='lat' dir='ltr'><strong>eas</strong></span> <span class='ocrx_word' id='word_1_22' title='bbox 977 601 1124 668; x_wconf 89' lang='lat' dir='ltr'><strong>servent</strong></span> <span class='ocrx_word' id='word_1_23' title='bbox 1165 590 1306 698; x_wconf 51' lang='lat' dir='ltr'><strong>„L</strong></span> 
     </span>
     <span class='ocr_line' id='line_1_4' title="bbox 79 703 1122 808; baseline -0.002 -26"><span class='ocrx_word' id='word_1_24' title='bbox 79 716 271 808; x_wconf 88' lang='lat' dir='ltr'><strong>perpetuo,</strong></span> <span class='ocrx_word' id='word_1_25' title='bbox 286 714 329 782; x_wconf 91' lang='lat' dir='ltr'><strong>ut</strong></span> <span class='ocrx_word' id='word_1_26' title='bbox 347 703 604 780; x_wconf 76' lang='lat' dir='ltr'>dissentientes</span> <span class='ocrx_word' id='word_1_27' title='bbox 622 703 769 780; x_wconf 92' lang='lat' dir='ltr'><strong>oderint</strong></span> <span class='ocrx_word' id='word_1_28' title='bbox 787 713 825 781; x_wconf 93' lang='lat' dir='ltr'><strong>et</strong></span> <span class='ocrx_word' id='word_1_29' title='bbox 848 703 1122 788; x_wconf 74' lang='lat' dir='ltr'><strong>convitianturr</strong></span> 
     </span>
     <span class='ocr_line' id='line_1_5' title="bbox 78 817 1123 918; baseline -0.002 -22"><span class='ocrx_word' id='word_1_30' title='bbox 78 832 120 896; x_wconf 92' lang='lat' dir='ltr'><strong>ut</strong></span> <span class='ocrx_word' id='word_1_31' title='bbox 137 817 376 896; x_wconf 79' lang='lat' dir='ltr'><strong>menifestum</strong></span> <span class='ocrx_word' id='word_1_32' title='bbox 398 827 454 894; x_wconf 91' lang='lat' dir='ltr'><strong>est</strong></span> <span class='ocrx_word' id='word_1_33' title='bbox 471 839 516 894; x_wconf 86' lang='lat' dir='ltr'><strong>ex</strong></span> <span class='ocrx_word' id='word_1_34' title='bbox 533 817 635 894; x_wconf 91' lang='lat' dir='ltr'><strong>libris</strong></span> <span class='ocrx_word' id='word_1_35' title='bbox 652 817 838 918; x_wconf 76' lang='lat' dir='ltr'><strong>precipue</strong></span> <span class='ocrx_word' id='word_1_36' title='bbox 856 817 1123 916; x_wconf 83' lang='lat' dir='ltr'><strong>theologorum,</strong></span> 
     </span>
     <span class='ocr_line' id='line_1_6' title="bbox 78 929 1124 1034; baseline -0.002 -24"><span class='ocrx_word' id='word_1_37' title='bbox 78 957 171 1034; x_wconf 90' lang='lat' dir='ltr'><strong>quos</strong></span> <span class='ocrx_word' id='word_1_38' title='bbox 206 930 247 1008; x_wconf 91' lang='lat' dir='ltr'><strong>id</strong></span> <span class='ocrx_word' id='word_1_39' title='bbox 281 931 432 1008; x_wconf 90' lang='lat' dir='ltr'><strong>minime</strong></span> <span class='ocrx_word' id='word_1_40' title='bbox 467 930 631 1007; x_wconf 90' lang='lat' dir='ltr'><strong>omnium</strong></span> <span class='ocrx_word' id='word_1_41' title='bbox 661 929 778 1024; x_wconf 91' lang='lat' dir='ltr'><strong>decet,</strong></span> <span class='ocrx_word' id='word_1_42' title='bbox 814 930 1124 1008; x_wconf 82' lang='lat' dir='ltr'><strong>atrocissimorum</strong></span> 
     </span>
     <span class='ocr_line' id='line_1_7' title="bbox 79 1043 1125 1144; baseline -0.002 -22"><span class='ocrx_word' id='word_1_43' title='bbox 79 1044 327 1122; x_wconf 91' lang='lat' dir='ltr'><strong>convitiorum</strong></span> <span class='ocrx_word' id='word_1_44' title='bbox 352 1043 483 1144; x_wconf 88' lang='lat' dir='ltr'><strong>plenis.</strong></span> <span class='ocrx_word' id='word_1_45' title='bbox 524 1043 691 1122; x_wconf 77' lang='lat' dir='ltr'><strong>Quorum</strong></span> <span class='ocrx_word' id='word_1_46' title='bbox 718 1043 909 1120; x_wconf 91' lang='lat' dir='ltr'><strong>bominum</strong></span> <span class='ocrx_word' id='word_1_47' title='bbox 936 1043 1125 1144; x_wconf 80' lang='lat' dir='ltr'><strong>ingenium</strong></span> 
     </span>
     <span class='ocr_line' id='line_1_8' title="bbox 78 1157 729 1258; baseline -0.002 -23"><span class='ocrx_word' id='word_1_48' title='bbox 78 1159 161 1258; x_wconf 88' lang='lat' dir='ltr'><strong>paci</strong></span> <span class='ocrx_word' id='word_1_49' title='bbox 180 1169 219 1235; x_wconf 93' lang='lat' dir='ltr'><strong>et</strong></span> <span class='ocrx_word' id='word_1_50' title='bbox 236 1157 406 1234; x_wconf 78' lang='lat' dir='ltr'><strong>societati</strong></span> <span class='ocrx_word' id='word_1_51' title='bbox 423 1168 552 1258; x_wconf 87' lang='lat' dir='ltr'><strong>aptum</strong></span> <span class='ocrx_word' id='word_1_52' title='bbox 569 1181 644 1234; x_wconf 89' lang='lat' dir='ltr'><strong>non</strong></span> <span class='ocrx_word' id='word_1_53' title='bbox 662 1168 729 1234; x_wconf 92' lang='lat' dir='ltr'><strong>est.</strong></span> 
     </span>
    </p>

    <p class='ocr_par' dir='ltr' id='par_1_3' title="bbox 78 1270 1126 1826">
     <span class='ocr_line' id='line_1_9' title="bbox 129 1270 1124 1373; baseline 0 -25"><span class='ocrx_word' id='word_1_54' title='bbox 129 1270 406 1349; x_wconf 74' lang='lat' dir='ltr'><strong>consuetudine</strong></span> <span class='ocrx_word' id='word_1_55' title='bbox 431 1271 521 1348; x_wconf 87' lang='lat' dir='ltr'><strong>item</strong></span> <span class='ocrx_word' id='word_1_56' title='bbox 538 1273 592 1364; x_wconf 86' lang='lat' dir='ltr'><strong>iit,</strong></span> <span class='ocrx_word' id='word_1_57' title='bbox 616 1271 738 1370; x_wconf 88' lang='lat' dir='ltr'><strong>utqui</strong></span> <span class='ocrx_word' id='word_1_58' title='bbox 768 1272 807 1348; x_wconf 91' lang='lat' dir='ltr'><strong>in</strong></span> <span class='ocrx_word' id='word_1_59' title='bbox 837 1272 1009 1372; x_wconf 86' lang='lat' dir='ltr'><strong>periculis</strong></span> <span class='ocrx_word' id='word_1_60' title='bbox 1028 1295 1124 1373; x_wconf 85' lang='lat' dir='ltr'><strong>saepe</strong></span> 
     </span>
     <span class='ocr_line' id='line_1_10' title="bbox 79 1385 1126 1485; baseline 0 -23"><span class='ocrx_word' id='word_1_61' title='bbox 79 1397 118 1463; x_wconf 89' lang='lat' dir='ltr'><strong>et</strong></span> <span class='ocrx_word' id='word_1_62' title='bbox 134 1385 201 1462; x_wconf 88' lang='lat' dir='ltr'><strong>diu</strong></span> <span class='ocrx_word' id='word_1_63' title='bbox 218 1385 354 1462; x_wconf 86' lang='lat' dir='ltr'><strong>versati</strong></span> <span class='ocrx_word' id='word_1_64' title='bbox 381 1387 466 1478; x_wconf 88' lang='lat' dir='ltr'><strong>sint,</strong></span> <span class='ocrx_word' id='word_1_65' title='bbox 486 1385 675 1485; x_wconf 82' lang='lat' dir='ltr'><strong>ingenium</strong></span> <span class='ocrx_word' id='word_1_66' title='bbox 697 1385 858 1462; x_wconf 80' lang='lat' dir='ltr'><strong>habeant</strong></span> <span class='ocrx_word' id='word_1_67' title='bbox 884 1385 1003 1462; x_wconf 91' lang='lat' dir='ltr'><strong>minus</strong></span> <span class='ocrx_word' id='word_1_68' title='bbox 1022 1388 1126 1462; x_wconf 90' lang='lat' dir='ltr'><strong>meti·</strong></span> 
     </span>
     <span class='ocr_line' id='line_1_11' title="bbox 79 1499 1125 1600; baseline 0.005 -28"><span class='ocrx_word' id='word_1_69' title='bbox 79 1501 269 1586; x_wconf 80' lang='lat' dir='ltr'><strong>culosum;</strong></span> <span class='ocrx_word' id='word_1_70' title='bbox 297 1511 335 1576; x_wconf 92' lang='lat' dir='ltr'><strong>et</strong></span> <span class='ocrx_word' id='word_1_71' title='bbox 351 1500 413 1598; x_wconf 90' lang='lat' dir='ltr'><strong>qui</strong></span> <span class='ocrx_word' id='word_1_72' title='bbox 427 1499 465 1576; x_wconf 92' lang='lat' dir='ltr'><strong>in</strong></span> <span class='ocrx_word' id='word_1_73' title='bbox 478 1499 713 1576; x_wconf 88' lang='lat' dir='ltr'><strong>bonoribusa</strong></span> <span class='ocrx_word' id='word_1_74' title='bbox 730 1510 895 1600; x_wconf 88' lang='lat' dir='ltr'><strong>tempore</strong></span> <span class='ocrx_word' id='word_1_75' title='bbox 913 1499 1125 1599; x_wconf 89' lang='lat' dir='ltr'><strong>longissimo</strong></span> 
     </span>
     <span class='ocr_line' id='line_1_12' title="bbox 78 1612 1126 1714; baseline 0.002 -26"><span class='ocrx_word' id='word_1_76' title='bbox 78 1613 214 1689; x_wconf 84' lang='lat' dir='ltr'><strong>versati</strong></span> <span class='ocrx_word' id='word_1_77' title='bbox 245 1612 332 1704; x_wconf 90' lang='lat' dir='ltr'><strong>sint,</strong></span> <span class='ocrx_word' id='word_1_78' title='bbox 363 1613 511 1710; x_wconf 91' lang='lat' dir='ltr'><strong>ingenio</strong></span> <span class='ocrx_word' id='word_1_79' title='bbox 540 1612 613 1689; x_wconf 90' lang='lat' dir='ltr'><strong>sint</strong></span> <span class='ocrx_word' id='word_1_80' title='bbox 641 1613 762 1690; x_wconf 90' lang='lat' dir='ltr'><strong>minus</strong></span> <span class='ocrx_word' id='word_1_81' title='bbox 785 1612 977 1707; x_wconf 88' lang='lat' dir='ltr'><strong>insolente,</strong></span> <span class='ocrx_word' id='word_1_82' title='bbox 995 1625 1038 1690; x_wconf 95' lang='lat' dir='ltr'><strong>ut</strong></span> <span class='ocrx_word' id='word_1_83' title='bbox 1062 1614 1126 1714; x_wconf 90' lang='lat' dir='ltr'><strong>qui</strong></span> 
     </span>
     <span class='ocr_line' id='line_1_13' title="bbox 79 1726 665 1826; baseline 0 -24"><span class='ocrx_word' id='word_1_84' title='bbox 79 1727 271 1804; x_wconf 90' lang='lat' dir='ltr'><strong>desierunt</strong></span> <span class='ocrx_word' id='word_1_85' title='bbox 284 1727 362 1826; x_wconf 90' lang='lat' dir='ltr'><strong>jam</strong></span> <span class='ocrx_word' id='word_1_86' title='bbox 383 1751 462 1804; x_wconf 90' lang='lat' dir='ltr'><strong>sese</strong></span> <span class='ocrx_word' id='word_1_87' title='bbox 480 1726 665 1804; x_wconf 90' lang='lat' dir='ltr'><strong>admirari.</strong></span> 
     </span>
    </p>

    <p class='ocr_par' dir='ltr' id='par_1_4' title="bbox 79 1839 1328 3413">
     <span class='ocr_line' id='line_1_14' title="bbox 128 1839 1328 1940; baseline -0.006 -22"><span class='ocrx_word' id='word_1_88' title='bbox 128 1856 165 1918; x_wconf 84' lang='lat'><strong>4.</strong></span> <span class='ocrx_word' id='word_1_89' title='bbox 193 1840 254 1916; x_wconf 83' lang='lat' dir='ltr'><strong>Ab</strong></span> <span class='ocrx_word' id='word_1_90' title='bbox 273 1839 500 1940; x_wconf 87' lang='lat' dir='ltr'><strong>experientia</strong></span> <span class='ocrx_word' id='word_1_91' title='bbox 522 1863 646 1917; x_wconf 90' lang='lat' dir='ltr'><strong>rerum</strong></span> <span class='ocrx_word' id='word_1_92' title='bbox 669 1850 915 1916; x_wconf 84' lang='lat' dir='ltr'><strong>externarum.</strong></span> <span class='ocrx_word' id='word_1_93' title='bbox 969 1839 1067 1914; x_wconf 89' lang='lat' dir='ltr'><strong>Hinc</strong></span> <span class='ocrx_word' id='word_1_94' title='bbox 1084 1840 1328 1916; x_wconf 62' lang='lat' dir='ltr'><strong>fitsaapmsc</strong></span> 
     </span>
     <span class='ocr_line' id='line_1_15' title="bbox 79 1952 1126 2053; baseline 0 -25"><span class='ocrx_word' id='word_1_95' title='bbox 79 1965 122 2028; x_wconf 93' lang='lat' dir='ltr'><strong>ut</strong></span> <span class='ocrx_word' id='word_1_96' title='bbox 139 1952 331 2052; x_wconf 89' lang='lat' dir='ltr'><strong>ingenium</strong></span> <span class='ocrx_word' id='word_1_97' title='bbox 358 1952 534 2029; x_wconf 87' lang='lat' dir='ltr'><strong>reddatur</strong></span> <span class='ocrx_word' id='word_1_98' title='bbox 560 1962 720 2028; x_wconf 89' lang='lat' dir='ltr'><strong>cautum.</strong></span> <span class='ocrx_word' id='word_1_99' title='bbox 775 1953 928 2044; x_wconf 89' lang='lat' dir='ltr'><strong>Contra,</strong></span> <span class='ocrx_word' id='word_1_100' title='bbox 947 1953 1009 2052; x_wconf 92' lang='lat' dir='ltr'><strong>qui</strong></span> <span class='ocrx_word' id='word_1_101' title='bbox 1036 1977 1126 2053; x_wconf 87' lang='lat' dir='ltr'><strong>pau-</strong></span> 
     </span>
     <span class='ocr_line' id='line_1_16' title="bbox 79 2065 1128 2164; baseline 0.001 -23"><span class='ocrx_word' id='word_1_102' title='bbox 79 2091 209 2143; x_wconf 90' lang='lat' dir='ltr'><strong>cerum</strong></span> <span class='ocrx_word' id='word_1_103' title='bbox 240 2089 366 2142; x_wconf 91' lang='lat' dir='ltr'><strong>rerum</strong></span> <span class='ocrx_word' id='word_1_104' title='bbox 398 2066 536 2142; x_wconf 91' lang='lat' dir='ltr'><strong>babent</strong></span> <span class='ocrx_word' id='word_1_105' title='bbox 551 2119 554 2128; x_wconf 52' lang='grc'><strong><em>,</em></strong></span> <span class='ocrx_word' id='word_1_106' title='bbox 567 2065 842 2164; x_wconf 86' lang='lat' dir='ltr'><strong>experientiam,</strong></span> <span class='ocrx_word' id='word_1_107' title='bbox 868 2065 1016 2164; x_wconf 91' lang='lat' dir='ltr'><strong>ingenio</strong></span> <span class='ocrx_word' id='word_1_108' title='bbox 1042 2078 1128 2142; x_wconf 90' lang='lat' dir='ltr'><strong>sunt</strong></span> 
     </span>
     <span class='ocr_line' id='line_1_17' title="bbox 79 2179 1128 2280; baseline 0 -24"><span class='ocrx_word' id='word_1_109' title='bbox 79 2181 300 2280; x_wconf 90' lang='lat' dir='ltr'><strong>plerumque</strong></span> <span class='ocrx_word' id='word_1_110' title='bbox 329 2179 533 2254; x_wconf 89' lang='lat' dir='ltr'><strong>temerario.</strong></span> <span class='ocrx_word' id='word_1_111' title='bbox 586 2179 682 2254; x_wconf 90' lang='lat' dir='ltr'><strong>Nam</strong></span> <span class='ocrx_word' id='word_1_112' title='bbox 709 2179 852 2255; x_wconf 91' lang='lat' dir='ltr'><strong>animus</strong></span> <span class='ocrx_word' id='word_1_113' title='bbox 870 2179 1051 2256; x_wconf 89' lang='lat' dir='ltr'><strong>humanus</strong></span> <span class='ocrx_word' id='word_1_114' title='bbox 1069 2203 1128 2256; x_wconf 85' lang='lat' dir='ltr'><strong>ra·</strong></span> 
     </span>
     <span class='ocr_line' id='line_1_18' title="bbox 80 2290 1127 2397; baseline 0 -29"><span class='ocrx_word' id='word_1_115' title='bbox 80 2290 296 2397; x_wconf 76' lang='lat' dir='ltr'><strong>tiocinanrlo</strong></span> <span class='ocrx_word' id='word_1_116' title='bbox 314 2291 483 2390; x_wconf 83' lang='lat' dir='ltr'><strong>procedit</strong></span> <span class='ocrx_word' id='word_1_117' title='bbox 500 2317 522 2368; x_wconf 89' lang='lat' dir='ltr'><strong>a</strong></span> <span class='ocrx_word' id='word_1_118' title='bbox 539 2291 697 2390; x_wconf 88' lang='lat' dir='ltr'><strong>cognitis</strong></span> <span class='ocrx_word' id='word_1_119' title='bbox 715 2291 763 2369; x_wconf 94' lang='lat' dir='ltr'><strong>ad</strong></span> <span class='ocrx_word' id='word_1_120' title='bbox 780 2293 990 2390; x_wconf 69' lang='lat' dir='ltr'><strong>incognita,</strong></span> <span class='ocrx_word' id='word_1_121' title='bbox 1009 2318 1127 2394; x_wconf 91' lang='lat' dir='ltr'><strong>neque</strong></span> 
     </span>
     <span class='ocr_line' id='line_1_19' title="bbox 81 2405 1128 2506; baseline 0.003 -26"><span class='ocrx_word' id='word_1_122' title='bbox 81 2416 204 2504; x_wconf 84' lang='lat' dir='ltr'><strong>potest</strong></span> <span class='ocrx_word' id='word_1_123' title='bbox 230 2429 355 2482; x_wconf 88' lang='lat' dir='ltr'><strong>rerum</strong></span> <span class='ocrx_word' id='word_1_124' title='bbox 381 2406 659 2506; x_wconf 90' lang='lat' dir='ltr'><strong>consequentias</strong></span> <span class='ocrx_word' id='word_1_125' title='bbox 684 2405 720 2482; x_wconf 92' lang='lat' dir='ltr'><strong>in</strong></span> <span class='ocrx_word' id='word_1_126' title='bbox 740 2431 911 2504; x_wconf 84' lang='lat' dir='ltr'><strong>magnam</strong></span> <span class='ocrx_word' id='word_1_127' title='bbox 929 2407 1128 2506; x_wconf 87' lang='lat' dir='ltr'><strong>longitudi-</strong></span> 
     </span>
     <span class='ocr_line' id='line_1_20' title="bbox 82 2517 1128 2618; baseline 0.002 -24"><span class='ocrx_word' id='word_1_128' title='bbox 82 2543 167 2594; x_wconf 88' lang='lat' dir='ltr'><strong>nem</strong></span> <span class='ocrx_word' id='word_1_129' title='bbox 198 2517 410 2618; x_wconf 86' lang='lat' dir='ltr'><strong>prospicere</strong></span> <span class='ocrx_word' id='word_1_130' title='bbox 441 2517 521 2596; x_wconf 89' lang='lat' dir='ltr'><strong>sine</strong></span> <span class='ocrx_word' id='word_1_131' title='bbox 552 2519 763 2618; x_wconf 87' lang='lat' dir='ltr'><strong>cognitione</strong></span> <span class='ocrx_word' id='word_1_132' title='bbox 795 2545 879 2618; x_wconf 81' lang='lat' dir='ltr'><strong>quae</strong></span> <span class='ocrx_word' id='word_1_133' title='bbox 909 2533 964 2596; x_wconf 89' lang='lat' dir='ltr'><strong>cst</strong></span> <span class='ocrx_word' id='word_1_134' title='bbox 999 2545 1128 2596; x_wconf 89' lang='lat' dir='ltr'><strong>asen-</strong></span> 
     </span>
     <span class='ocr_line' id='line_1_21' title="bbox 85 2631 1129 2732; baseline 0 -24"><span class='ocrx_word' id='word_1_135' title='bbox 85 2633 196 2724; x_wconf 89' lang='lat' dir='ltr'><strong>sibus,</strong></span> <span class='ocrx_word' id='word_1_136' title='bbox 218 2631 257 2708; x_wconf 86' lang='lat' dir='ltr'><strong>id</strong></span> <span class='ocrx_word' id='word_1_137' title='bbox 275 2644 343 2724; x_wconf 90' lang='lat' dir='ltr'><strong>est,</strong></span> <span class='ocrx_word' id='word_1_138' title='bbox 362 2631 439 2707; x_wconf 88' lang='lat' dir='ltr'><strong>sine</strong></span> <span class='ocrx_word' id='word_1_139' title='bbox 466 2632 665 2708; x_wconf 91' lang='lat' dir='ltr'><strong>multarum</strong></span> <span class='ocrx_word' id='word_1_140' title='bbox 690 2632 1035 2732; x_wconf 80' lang='lat' dir='ltr'><strong>consequentiarum</strong></span> <span class='ocrx_word' id='word_1_141' title='bbox 1066 2659 1129 2708; x_wconf 86' lang='lat' dir='ltr'><strong>ex-</strong></span> 
     </span>
     <span class='ocr_line' id='line_1_22' title="bbox 82 2743 1127 2846; baseline 0 -24"><span class='ocrx_word' id='word_1_142' title='bbox 82 2745 275 2846; x_wconf 89' lang='lat' dir='ltr'><strong>perientia.</strong></span> <span class='ocrx_word' id='word_1_143' title='bbox 328 2744 386 2821; x_wconf 77' lang='lat' dir='ltr'><strong>uit</strong></span> <span class='ocrx_word' id='word_1_144' title='bbox 413 2743 498 2820; x_wconf 89' lang='lat' dir='ltr'><strong>inde</strong></span> <span class='ocrx_word' id='word_1_145' title='bbox 522 2757 563 2821; x_wconf 92' lang='lat' dir='ltr'><strong>ut</strong></span> <span class='ocrx_word' id='word_1_146' title='bbox 589 2745 738 2842; x_wconf 87' lang='lat' dir='ltr'><strong>ingenia</strong></span> <span class='ocrx_word' id='word_1_147' title='bbox 758 2745 948 2820; x_wconf 88' lang='lat' dir='ltr'><strong>hominum</strong></span> <span class='ocrx_word' id='word_1_148' title='bbox 966 2745 1127 2822; x_wconf 91' lang='lat' dir='ltr'><strong>adversis</strong></span> 
     </span>
     <span class='ocr_line' id='line_1_23' title="bbox 82 2857 1129 2955; baseline 0 -21"><span class='ocrx_word' id='word_1_149' title='bbox 82 2860 226 2936; x_wconf 88' lang='lat' dir='ltr'><strong>eventis</strong></span> <span class='ocrx_word' id='word_1_150' title='bbox 245 2857 489 2955; x_wconf 86' lang='lat' dir='ltr'><strong>corrigentur,</strong></span> <span class='ocrx_word' id='word_1_151' title='bbox 508 2857 693 2948; x_wconf 88' lang='lat' dir='ltr'><strong>nimirum,</strong></span> <span class='ocrx_word' id='word_1_152' title='bbox 711 2859 899 2954; x_wconf 83' lang='lat' dir='ltr'><strong>ingenium</strong></span> <span class='ocrx_word' id='word_1_153' title='bbox 919 2859 1039 2935; x_wconf 86' lang='lat' dir='ltr'><strong>audax</strong></span> <span class='ocrx_word' id='word_1_154' title='bbox 1057 2859 1129 2934; x_wconf 84' lang='lat' dir='ltr'><strong>fre-</strong></span> 
     </span>
     <span class='ocr_line' id='line_1_24' title="bbox 84 2971 1127 3072; baseline -0.001 -22"><span class='ocrx_word' id='word_1_155' title='bbox 84 2973 281 3072; x_wconf 88' lang='lat' dir='ltr'><strong>quentibus</strong></span> <span class='ocrx_word' id='word_1_156' title='bbox 299 2971 520 3062; x_wconf 85' lang='lat' dir='ltr'><strong>infortuniis,</strong></span> <span class='ocrx_word' id='word_1_157' title='bbox 539 2972 726 3070; x_wconf 86' lang='lat' dir='ltr'><strong>ingenium</strong></span> <span class='ocrx_word' id='word_1_158' title='bbox 739 2973 972 3050; x_wconf 89' lang='lat' dir='ltr'><strong>ambitiosum</strong></span> <span class='ocrx_word' id='word_1_159' title='bbox 991 2973 1127 3050; x_wconf 88' lang='lat' dir='ltr'><strong>crebris</strong></span> 
     </span>
     <span class='ocr_line' id='line_1_25' title="bbox 84 3083 1127 3185; baseline 0 -25"><span class='ocrx_word' id='word_1_160' title='bbox 84 3085 250 3184; x_wconf 87' lang='lat' dir='ltr'><strong>repulsis,</strong></span> <span class='ocrx_word' id='word_1_161' title='bbox 269 3083 459 3182; x_wconf 83' lang='lat' dir='ltr'><strong>ingenium</strong></span> <span class='ocrx_word' id='word_1_162' title='bbox 476 3096 689 3185; x_wconf 88' lang='lat' dir='ltr'><strong>protervum</strong></span> <span class='ocrx_word' id='word_1_163' title='bbox 716 3086 852 3162; x_wconf 92' lang='lat' dir='ltr'><strong>crebris</strong></span> <span class='ocrx_word' id='word_1_164' title='bbox 879 3086 1127 3183; x_wconf 84' lang='lat' dir='ltr'><strong>refrigeratio-</strong></span> 
     </span>
     <span class='ocr_line' id='line_1_26' title="bbox 83 3197 1128 3298; baseline 0.002 -24"><span class='ocrx_word' id='word_1_165' title='bbox 83 3199 216 3286; x_wconf 85' lang='lat' dir='ltr'><strong>nibus;</strong></span> <span class='ocrx_word' id='word_1_166' title='bbox 245 3197 404 3296; x_wconf 77' lang='lat' dir='ltr'><strong>dariique</strong></span> <span class='ocrx_word' id='word_1_167' title='bbox 431 3222 630 3298; x_wconf 87' lang='lat' dir='ltr'><strong>puerorum</strong></span> <span class='ocrx_word' id='word_1_168' title='bbox 655 3199 804 3295; x_wconf 85' lang='lat' dir='ltr'><strong>ingenia</strong></span> <span class='ocrx_word' id='word_1_169' title='bbox 831 3200 876 3274; x_wconf 86' lang='lat' dir='ltr'><strong>ad</strong></span> <span class='ocrx_word' id='word_1_170' title='bbox 904 3199 1028 3276; x_wconf 92' lang='lat' dir='ltr'><strong>omnia</strong></span> <span class='ocrx_word' id='word_1_171' title='bbox 1053 3201 1128 3276; x_wconf 84' lang='lat' dir='ltr'><strong>for-</strong></span> 
     </span>
     <span class='ocr_line' id='line_1_27' title="bbox 84 3311 1076 3413; baseline 0.001 -24"><span class='ocrx_word' id='word_1_172' title='bbox 84 3324 245 3402; x_wconf 90' lang='lat' dir='ltr'><strong>mantur,</strong></span> <span class='ocrx_word' id='word_1_173' title='bbox 265 3335 347 3410; x_wconf 88' lang='lat' dir='ltr'><strong>quae</strong></span> <span class='ocrx_word' id='word_1_174' title='bbox 365 3311 495 3393; x_wconf 87' lang='lat' dir='ltr'><strong>volunt</strong></span> <span class='ocrx_word' id='word_1_175' title='bbox 511 3323 683 3410; x_wconf 89' lang='lat' dir='ltr'><strong>parentes</strong></span> <span class='ocrx_word' id='word_1_176' title='bbox 702 3323 739 3388; x_wconf 89' lang='lat' dir='ltr'><strong>ct</strong></span> <span class='ocrx_word' id='word_1_177' title='bbox 758 3312 934 3410; x_wconf 79' lang='lat' dir='ltr'><strong>magistri,</strong></span> <span class='ocrx_word' id='word_1_178' title='bbox 953 3313 1076 3413; x_wconf 88' lang='lat' dir='ltr'><strong>virgis.</strong></span> 
     </span>
    </p>

    <p class='ocr_par' dir='ltr' id='par_1_5' title="bbox 81 3423 1329 4318">
     <span class='ocr_line' id='line_1_28' title="bbox 137 3423 1329 3517; baseline 0.004 -17"><span class='ocrx_word' id='word_1_179' title='bbox 137 3435 169 3503; x_wconf 80' lang='lat' dir='ltr'><strong>t.</strong></span> <span class='ocrx_word' id='word_1_180' title='bbox 197 3424 355 3502; x_wconf 81' lang='lat' dir='ltr'><strong>sibonis</strong></span> <span class='ocrx_word' id='word_1_181' title='bbox 380 3424 551 3517; x_wconf 79' lang='lat' dir='ltr'><strong>fortune,</strong></span> <span class='ocrx_word' id='word_1_182' title='bbox 569 3423 639 3500; x_wconf 90' lang='lat' dir='ltr'><strong>hoo</strong></span> <span class='ocrx_word' id='word_1_183' title='bbox 665 3434 731 3510; x_wconf 88' lang='lat' dir='ltr'><strong>eet,</strong></span> <span class='ocrx_word' id='word_1_184' title='bbox 750 3449 772 3500; x_wconf 90' lang='lat' dir='ltr'><strong>a</strong></span> <span class='ocrx_word' id='word_1_185' title='bbox 789 3425 935 3516; x_wconf 89' lang='lat' dir='ltr'><strong>divitiis,</strong></span> <span class='ocrx_word' id='word_1_186' title='bbox 953 3451 976 3502; x_wconf 92' lang='lat' dir='ltr'><strong>a</strong></span> <span class='ocrx_word' id='word_1_187' title='bbox 1001 3427 1128 3504; x_wconf 90' lang='lat' dir='ltr'><strong>nobili·</strong></span> <span class='ocrx_word' id='word_1_188' title='bbox 1142 3435 1329 3484; x_wconf 56' lang='lat' dir='ltr'><strong>*lemtim</strong></span> 
     </span>
     <span class='ocr_line' id='line_1_29' title="bbox 83 3536 1129 3640; baseline 0 -24"><span class='ocrx_word' id='word_1_189' title='bbox 83 3551 162 3616; x_wconf 89' lang='lat' dir='ltr'><strong>tate</strong></span> <span class='ocrx_word' id='word_1_190' title='bbox 179 3537 338 3637; x_wconf 90' lang='lat' dir='ltr'><strong>generis,</strong></span> <span class='ocrx_word' id='word_1_191' title='bbox 357 3562 379 3614; x_wconf 94' lang='lat' dir='ltr'><strong>a</strong></span> <span class='ocrx_word' id='word_1_192' title='bbox 405 3536 572 3638; x_wconf 89' lang='lat' dir='ltr'><strong>potentio</strong></span> <span class='ocrx_word' id='word_1_193' title='bbox 589 3537 686 3612; x_wconf 91' lang='lat' dir='ltr'><strong>civili</strong></span> <span class='ocrx_word' id='word_1_194' title='bbox 707 3539 751 3614; x_wconf 89' lang='lat' dir='ltr'><strong>lit</strong></span> <span class='ocrx_word' id='word_1_195' title='bbox 768 3551 809 3615; x_wconf 92' lang='lat' dir='ltr'><strong>ut</strong></span> <span class='ocrx_word' id='word_1_196' title='bbox 826 3539 975 3635; x_wconf 88' lang='lat' dir='ltr'><strong>ingenia</strong></span> <span class='ocrx_word' id='word_1_197' title='bbox 991 3541 1129 3640; x_wconf 89' lang='lat' dir='ltr'><strong>aliquo-</strong></span> 
     </span>
     <span class='ocr_line' id='line_1_30' title="bbox 82 3651 1129 3752; baseline -0.002 -22"><span class='ocrx_word' id='word_1_198' title='bbox 82 3667 194 3730; x_wconf 89' lang='lat' dir='ltr'><strong>tenus</strong></span> <span class='ocrx_word' id='word_1_199' title='bbox 211 3651 421 3740; x_wconf 74' lang='lat' dir='ltr'><strong>varietatum</strong></span> <span class='ocrx_word' id='word_1_200' title='bbox 447 3676 531 3728; x_wconf 89' lang='lat' dir='ltr'><strong>nam</strong></span> <span class='ocrx_word' id='word_1_201' title='bbox 557 3677 581 3727; x_wconf 91' lang='lat' dir='ltr'><strong>a</strong></span> <span class='ocrx_word' id='word_1_202' title='bbox 607 3651 743 3727; x_wconf 87' lang='lat' dir='ltr'><strong>divitiis</strong></span> <span class='ocrx_word' id='word_1_203' title='bbox 771 3660 808 3728; x_wconf 94' lang='lat' dir='ltr'><strong>et</strong></span> <span class='ocrx_word' id='word_1_204' title='bbox 833 3653 999 3752; x_wconf 88' lang='lat' dir='ltr'><strong>potentia</strong></span> <span class='ocrx_word' id='word_1_205' title='bbox 1022 3653 1129 3746; x_wconf 90' lang='lat' dir='ltr'><strong>civili,</strong></span> 
     </span>
     <span class='ocr_line' id='line_1_31' title="bbox 82 3765 1129 3866; baseline 0 -24"><span class='ocrx_word' id='word_1_206' title='bbox 82 3765 235 3861; x_wconf 87' lang='lat' dir='ltr'><strong>ingenia</strong></span> <span class='ocrx_word' id='word_1_207' title='bbox 253 3765 468 3864; x_wconf 90' lang='lat' dir='ltr'><strong>plerumque</strong></span> <span class='ocrx_word' id='word_1_208' title='bbox 485 3766 581 3841; x_wconf 90' lang='lat' dir='ltr'><strong>fiunt</strong></span> <span class='ocrx_word' id='word_1_209' title='bbox 596 3765 837 3864; x_wconf 67' lang='lat' dir='ltr'><strong>superbiores</strong></span> <span class='ocrx_word' id='word_1_210' title='bbox 864 3790 950 3842; x_wconf 88' lang='lat' dir='ltr'><strong>nam</strong></span> <span class='ocrx_word' id='word_1_211' title='bbox 968 3767 1030 3866; x_wconf 93' lang='lat' dir='ltr'><strong>qui</strong></span> <span class='ocrx_word' id='word_1_212' title='bbox 1047 3767 1129 3864; x_wconf 89' lang='lat' dir='ltr'><strong>plus</strong></span> 
     </span>
     <span class='ocr_line' id='line_1_32' title="bbox 81 3877 1131 3980; baseline 0.002 -28"><span class='ocrx_word' id='word_1_213' title='bbox 81 3888 251 3980; x_wconf 88' lang='lat' dir='ltr'><strong>possunt,</strong></span> <span class='ocrx_word' id='word_1_214' title='bbox 270 3878 352 3978; x_wconf 92' lang='lat' dir='ltr'><strong>plus</strong></span> <span class='ocrx_word' id='word_1_215' title='bbox 370 3877 481 3954; x_wconf 91' lang='lat' dir='ltr'><strong>licere</strong></span> <span class='ocrx_word' id='word_1_216' title='bbox 508 3877 577 3954; x_wconf 91' lang='lat' dir='ltr'><strong>sibi</strong></span> <span class='ocrx_word' id='word_1_217' title='bbox 602 3877 802 3976; x_wconf 89' lang='lat' dir='ltr'><strong>postulant,</strong></span> <span class='ocrx_word' id='word_1_218' title='bbox 822 3878 858 3953; x_wconf 90' lang='lat' dir='ltr'><strong>id</strong></span> <span class='ocrx_word' id='word_1_219' title='bbox 877 3892 943 3971; x_wconf 89' lang='lat' dir='ltr'><strong>ost,</strong></span> <span class='ocrx_word' id='word_1_220' title='bbox 962 3879 1010 3954; x_wconf 91' lang='lat' dir='ltr'><strong>od</strong></span> <span class='ocrx_word' id='word_1_221' title='bbox 1037 3880 1131 3978; x_wconf 87' lang='lat' dir='ltr'><strong>inju-</strong></span> 
     </span>
     <span class='ocr_line' id='line_1_33' title="bbox 82 3990 1129 4090; baseline 0 -22"><span class='ocrx_word' id='word_1_222' title='bbox 82 3992 164 4068; x_wconf 86' lang='lat' dir='ltr'><strong>rias</strong></span> <span class='ocrx_word' id='word_1_223' title='bbox 180 3991 386 4068; x_wconf 82' lang='lat' dir='ltr'><strong>inferendas</strong></span> <span class='ocrx_word' id='word_1_224' title='bbox 411 3990 527 4089; x_wconf 84' lang='lat' dir='ltr'><strong>magis</strong></span> <span class='ocrx_word' id='word_1_225' title='bbox 545 3991 718 4090; x_wconf 90' lang='lat' dir='ltr'><strong>propensi</strong></span> <span class='ocrx_word' id='word_1_226' title='bbox 743 4002 840 4083; x_wconf 90' lang='lat' dir='ltr'><strong>sunt,</strong></span> <span class='ocrx_word' id='word_1_227' title='bbox 859 4003 897 4068; x_wconf 91' lang='lat' dir='ltr'><strong>et</strong></span> <span class='ocrx_word' id='word_1_228' title='bbox 914 3992 962 4067; x_wconf 92' lang='lat' dir='ltr'><strong>ad</strong></span> <span class='ocrx_word' id='word_1_229' title='bbox 975 3990 1129 4068; x_wconf 85' lang='lat' dir='ltr'><strong>sociota-</strong></span> 
     </span>
     <span class='ocr_line' id='line_1_34' title="bbox 81 4104 1128 4204; baseline -0.002 -22"><span class='ocrx_word' id='word_1_230' title='bbox 81 4119 169 4182; x_wconf 88' lang='lat' dir='ltr'><strong>tem</strong></span> <span class='ocrx_word' id='word_1_231' title='bbox 186 4129 266 4182; x_wconf 90' lang='lat' dir='ltr'><strong>cum</strong></span> <span class='ocrx_word' id='word_1_232' title='bbox 293 4105 349 4196; x_wconf 91' lang='lat' dir='ltr'><strong>iis,</strong></span> <span class='ocrx_word' id='word_1_233' title='bbox 369 4104 432 4204; x_wconf 87' lang='lat' dir='ltr'><strong>qui</strong></span> <span class='ocrx_word' id='word_1_234' title='bbox 451 4105 570 4180; x_wconf 89' lang='lat' dir='ltr'><strong>minus</strong></span> <span class='ocrx_word' id='word_1_235' title='bbox 588 4113 752 4202; x_wconf 90' lang='lat' dir='ltr'><strong>possunt,</strong></span> <span class='ocrx_word' id='word_1_236' title='bbox 772 4105 886 4204; x_wconf 82' lang='lat' dir='ltr'><strong>aequis</strong></span> <span class='ocrx_word' id='word_1_237' title='bbox 912 4105 1054 4204; x_wconf 86' lang='lat' dir='ltr'><strong>legibus</strong></span> <span class='ocrx_word' id='word_1_238' title='bbox 1073 4105 1128 4181; x_wconf 90' lang='lat' dir='ltr'><strong>in-</strong></span> 
     </span>
     <span class='ocr_line' id='line_1_35' title="bbox 81 4216 1129 4318; baseline 0.001 -25"><span class='ocrx_word' id='word_1_239' title='bbox 81 4216 248 4294; x_wconf 88' lang='lat' dir='ltr'><strong>eundam</strong></span> <span class='ocrx_word' id='word_1_240' title='bbox 274 4217 471 4318; x_wconf 89' lang='lat' dir='ltr'><strong>ineptiores</strong></span> <span class='ocrx_word' id='word_1_241' title='bbox 495 4226 592 4292; x_wconf 88' lang='lat' dir='ltr'><strong>sunt.</strong></span> <span class='ocrx_word' id='word_1_242' title='bbox 645 4217 828 4293; x_wconf 87' lang='lat' dir='ltr'><strong>Nobilitas</strong></span> <span class='ocrx_word' id='word_1_243' title='bbox 856 4218 1008 4318; x_wconf 88' lang='lat' dir='ltr'><strong>antiquo</strong></span> <span class='ocrx_word' id='word_1_244' title='bbox 1025 4217 1129 4318; x_wconf 88' lang='lat' dir='ltr'><strong>inge-</strong></span> 
     </span>
    </p>

    <p class='ocr_par' dir='ltr' id='par_1_6' title="bbox 196 4351 1027 4408">
     <span class='ocr_line' id='line_1_36' title="bbox 196 4351 1027 4408; baseline -0.001 0"><span class='ocrx_word' id='word_1_245' title='bbox 196 4353 283 4408; x_wconf 84' lang='lat' dir='ltr'><strong>vot.</strong></span> <span class='ocrx_word' id='word_1_246' title='bbox 305 4351 351 4408; x_wconf 90' lang='grc' dir='ltr'><strong>ιι.</strong></span> <span class='ocrx_word' id='word_1_247' title='bbox 1015 4354 1027 4407; x_wconf 92' lang='grc' dir='ltr'><strong>ι</strong></span> 
     </span>
    </p>
   </div>
   <div class='ocr_carea' id='block_1_3' title="bbox 0 0 1421 4912">
    <p class='ocr_par' dir='ltr' id='par_1_7' title="bbox 0 0 1421 4912">
     <span class='ocr_line' id='line_1_37' title="bbox 0 0 1421 4912; baseline 0 0"><span class='ocrx_word' id='word_1_248' title='bbox 0 0 1421 4912; x_wconf 95' lang='lat' dir='ltr'><strong> </strong></span> 
     </span>
    </p>
   </div>
  </div>
 </body>
</html>
