2834 4912
284 287 356 354 232
695 301 924 356 1unnn1uu.

86 503 184 556 sm,
200 501 252 556 111.
285 488 358 564 que
380 465 578 566 imperium
606 491 801 554 summum:
831 479 870 544 et
896 466 1078 566 siquidem
1109 465 1267 542 concilio
1291 465 1327 542 id

97 579 240 687 ᾧ
284 579 523 654 commissum
535 579 594 670 sit,
607 593 766 656 vocatur
782 581 874 656 illud
887 581 1084 656 conciliant
1098 603 1326 679 numerurm,-

282 693 419 768 sivero
443 692 584 766 homiui
609 693 673 768 uni
700 693 828 769 datum
859 695 918 784 sit,
946 705 1101 768 vocatur
1125 693 1190 767 iile
1218 694 1326 769 homo

282 827 478 904 supremus
492 804 660 880 ciuitatis
674 805 869 880 Dominus.
896 805 1055 906 Inqoerii
1066 815 1192 880 autem
1203 805 1328 880 summi

282 929 383 992 uotae
401 929 487 992 sunt
502 917 585 1004 hae;
605 917 885 1018 iegeccondcre
902 929 940 993 et
956 919 1179 1018 abrogare:
1199 917 1329 992 benum

283 1044 322 1106 et
332 1057 469 1130 pacem
487 1032 706 1118 decernere3
734 1033 1011 1108 controversias
1028 1055 1158 1108 omnes
1185 1057 1252 1130 per
1280 1055 1327 1122 se,

282 1145 340 1222 vel
354 1170 421 1244 per
428 1145 616 1242 judicare
633 1169 672 1220 se
686 1145 919 1238 constitutos,
936 1157 1217 1246 cognoscereet
1235 1145 1329 1242 dijic-

284 1258 443 1344 dicare‚·
460 1259 721 1359 magistratus,
735 1258 938 1346 ministros,
953 1257 1194 1334 consiliarios
1206 1283 1328 1334 omues

283 1371 429 1471 eligere.
481 1373 650 1470 Denique
662 1373 693 1446 si
707 1373 788 1470 quis
799 1372 858 1460 sit,
873 1373 935 1469 qui
959 1395 1328 1470 unamquamcunque

283 1487 467 1562 actionem
489 1488 573 1584 jure
590 1509 700 1584 agere
727 1497 965 1584 potestque
988 1485 1081 1559 nulli
1108 1485 1192 1574 civi,
1211 1507 1328 1583 neque

284 1600 437 1691 civibus,
455 1611 702 1699 praeterquam
714 1598 785 1697 ipsi
805 1599 873 1674 soli
894 1598 997 1674 licita
1014 1609 1083 1689 est,
1107 1597 1141 1672 is
1156 1621 1327 1672 summum

284 1712 542 1812 imperiatum
572 1713 718 1786 civitate
746 1711 911 1786 obtinet:
939 1736 1027 1786 nam
1053 1733 1109 1802 ea,
1141 1735 1225 1808 quae
1251 1711 1326 1786 fieri

283 1849 403 1923 neque
429 1849 452 1900 a
481 1825 562 1900 cive
585 1825 673 1915 ullo,
699 1847 819 1922 neque
844 1849 867 1898 a
892 1823 1061 1922 pluribus
1080 1823 1222 1899 civibus
1248 1825 1328 1921 jure

283 1949 448 2036 possunt,
467 1939 594 2013 civitas
624 1937 702 2012 sola
722 1948 845 2035 potest
861 1938 995 2012 facere.
1047 1937 1085 2011 Is
1110 1937 1237 2034 igitur,
1268 1935 1326 2035 qui

284 2077 328 2126 ea
354 2051 456 2144 facit,
478 2053 563 2148 jure
591 2050 709 2126 utitur
737 2049 908 2142 civitatis,
927 2049 1027 2148 quod
1053 2061 1111 2124 est
1133 2051 1326 2150 inrperinrn

284 2189 470 2240 minumum.

72 2307 232 2354 simonio
339 2287 396 2352 19.
424 2277 499 2362 Qui
517 2277 703 2352 civitatem
721 2289 759 2352 et
777 2277 874 2352 cives
892 2301 977 2351 cum
991 2277 1141 2351 homine
1160 2288 1199 2352 et
1216 2301 1326 2352 mem-

71 2373 148 2418 eivitns
168 2385 218 2416 cum
235 2371 272 2416 ha

71 2437 137 2490 mim,
154 2437 179 2488 q
190 2437 227 2495 qq
235 2437 272 2482 ,,,
284 2391 360 2466 bris
390 2393 468 2488 ejus
499 2414 713 2489 comparare
740 2391 871 2482 solent,
903 2391 1031 2465 dicunt
1063 2415 1161 2489 pene
1189 2413 1324 2478 omnes,

71 2501 381 2624 ffifflmffleum,
411 2503 473 2601 qui
500 2529 672 2576 cummium
700 2502 893 2603 imperinm
922 2504 1065 2578 obtinet
1091 2503 1131 2578 in
1166 2503 1321 2592 civitate,

72 2631 190 2710 aaran,
202 2631 225 2675 ¹11
245 2645 271 2676 a
285 2643 363 2694 esse
381 2619 429 2693 ad
440 2617 625 2692 civitatem
636 2626 753 2691 totam
771 2617 822 2708 id,
837 2617 937 2714 quod
951 2629 1062 2714 caput
1073 2627 1128 2692 est
1141 2617 1192 2692 nd
1204 2629 1319 2691 totum

71 2701 481 2807 ifflit22122ilihominem.
535 2731 718 2805 Caeterum
746 2753 792 2804 ex
821 2743 908 2805 ante
930 2729 1038 2804 dictis
1059 2743 1227 2828 apparet,
1244 2755 1321 2804 eum

70 2825 274 2950 fflpfflcffss
285 2846 347 2944 qui
374 2845 440 2920 tuli
462 2843 617 2942 imperio
643 2842 820 2942 praeditus
850 2853 917 2934 est,
942 2841 1019 2916 sive
1046 2843 1151 2918 horno
1178 2844 1227 2918 sit
1252 2843 1323 2918 sive

72 2955 187 3000 '¹·”‘·¹·
284 2961 405 3052 curin,
423 2959 560 3033 habere
583 2957 631 3032 ad
657 2957 845 3032 civitatem
877 2956 1060 3031 rationem
1085 2981 1163 3032 non
1186 2957 1321 3054 capitis,

284 3074 349 3148 sed
367 3073 510 3146 animae.
553 3070 651 3144 Nam
668 3070 791 3144 anima
808 3080 874 3160 est,
888 3093 1075 3167 perquam
1088 3071 1201 3146 homo
1218 3071 1322 3146 habet

283 3186 525 3275 voluntatem,
543 3183 614 3258 hoc
636 3194 703 3274 est,
722 3194 845 3282 potest
861 3183 955 3258 velle
982 3193 1019 3257 et
1042 3183 1165 3258 nolle:
1193 3183 1248 3258 ita
1261 3205 1322 3282 per

285 3323 381 3389 eum,
400 3297 463 3394 qui
488 3322 661 3372 summurn
677 3299 789 3372 habet
813 3297 1017 3396 imperinm,
1042 3307 1080 3371 et
1105 3321 1181 3372 non
1208 3298 1319 3386 aliter,

283 3413 513 3486 voluntatem
533 3411 659 3502 habet,
678 3423 715 3486 et
742 3422 869 3508 potest
886 3411 979 3485 velle
1006 3421 1044 3484 et
1070 3411 1169 3486 nolle
1186 3411 1319 3486 civitas.

284 3525 377 3600 Cum
396 3523 516 3622 capite
535 3523 778 3598 conferendus
789 3524 913 3621 potius
928 3534 1114 3598 estcoetus
1125 3523 1322 3600 consiliari·

284 3663 401 3730 orum,
421 3639 497 3713 sive
525 3637 753 3712 consiliarius
771 3661 878 3727 unus,
906 3639 1010 3734 cujus
1031 3638 1142 3712 solius
1161 3639 1319 3726 consilio,

284 3755 314 3828 si
341 3753 495 3850 alicujus
513 3751 637 3841 solius,
663 3750 780 3848 isqui
805 3751 917 3826 habet
934 3777 1105 3826 summurn
1133 3752 1320 3852 imperinm

284 3867 321 3940 in
339 3865 502 3964 regenda
520 3865 680 3954 civitate,
699 3864 737 3937 in
755 3865 865 3938 rebus
883 3864 1033 3940 maximi
1050 3867 1229 3940 momenti
1256 3865 1320 3940 uti·

283 3992 356 4054 tur.
410 3979 548 4076 Capitis
584 3977 681 4051 enim
712 3977 872 4052 officium
910 3979 1099 4052 consulere
1134 3990 1202 4070 est,
1232 3980 1321 4054 sicut

283 4093 415 4166 auimre
433 4093 625 4190 imperare.

333 4215 394 4280 20.
423 4205 612 4302 Siquidem
645 4204 838 4304 inqueriunt
870 4231 1042 4280 sicininum
1058 4204 1095 4280 vi
1118 4220 1318 4304 pactorum,
