2876 4908
301 289 375 354 410
727 301 911 355 nnnroro.

110 501 207 555 1111.
219 503 272 556 111.
302 473 535 563 sententiam,
545 495 695 548 necesse
708 483 765 548 est
778 471 1058 563 controversias,
1071 495 1153 569 quae
1164 471 1350 562 oriuntur,

116 581 259 686 „L
300 586 584 662 innumerabiles
600 587 692 677 fore,
705 610 825 683 neque
839 585 1151 661 determinabiles:
1177 585 1281 660 unde
1293 586 1350 658 in-

90 721 253 800 nsrprqoue
300 710 359 774 ter
382 700 560 791 homines,
579 701 642 798 qui
667 709 801 773 natura
825 723 891 773 sua
917 697 1183 772 dissensionem
1200 722 1350 772 omnem

89 789 289 910 ffiffissm
299 813 439 887 habent
458 836 526 911 pro
556 813 792 903 contumelia,
818 824 1034 888 nasceretur
1059 812 1179 908 primo
1209 811 1349 902 odium,

89 919 257 1028 {mmm
301 926 473 1024 deinceps
487 927 654 1024 jurgium
668 937 705 1000 et
714 927 873 1002 bellum:
892 937 1003 1023 atque
1014 927 1068 1001 ita
1081 927 1350 1022 omnisperiret

300 1039 456 1114 societas
473 1050 511 1111 et
527 1063 612 1136 pax.
666 1041 855 1114 Habemus
865 1051 1046 1136 praeterea
1068 1039 1107 1112 in
1125 1039 1348 1136 exemplum,

299 1153 338 1226 id
356 1152 456 1250 qnod
473 1153 541 1224 sub
559 1152 640 1249 lege
650 1165 774 1227 vetere
792 1153 892 1226 circa
903 1153 1038 1226 librum
1055 1152 1145 1250 legis
1158 1153 1349 1227 observari

299 1266 417 1340 voluit
433 1267 545 1356 Deus,
557 1267 731 1340 nimirum
742 1267 852 1341 scribi
867 1265 1027 1364 quidem,
1040 1265 1187 1361 publice
1205 1267 1346 1356 haberi,

300 1389 338 1453 et
355 1403 533 1454 canonem
556 1379 736 1455 doctrinae
766 1381 900 1454 divinae
925 1402 1004 1454 esse
1021 1378 1160 1452 voluit:
1189 1378 1347 1453 sednon

299 1493 385 1568 inde
402 1519 425 1568 a
441 1493 605 1590 singulis,
620 1493 718 1568 seda
731 1494 817 1568 solis
834 1493 1084 1568 sacerdotibus
1098 1491 1247 1565 definiri
1262 1517 1347 1566 eon-

298 1607 506 1682 troversias.
524 1607 591 1680 Est
600 1607 758 1704 denique
767 1605 1206 1704 praeceptnmServatoris
1218 1606 1346 1694 nostri,

298 1730 352 1810 ut,
366 1717 498 1817 siquid
515 1719 656 1794 oriatur
669 1719 879 1795 offensionis
891 1721 989 1792 inter
999 1718 1175 1814 singulos,
1190 1719 1347 1794 audiant

298 1832 503 1907 eccleciam.
539 1833 849 1930 Itaqueeccleaiae
867 1855 1000 1907 munus
1011 1843 1067 1904 est
1077 1833 1346 1906 controversias

299 1945 555 2020 determinare.
607 1947 694 2020 Non
715 1969 803 2043 ergo
826 1945 1065 2043 singulorum,
1090 1943 1156 2018 sed
1179 1946 1346 2022 ecclesie

298 2069 355 2132 est
374 2059 582 2156 Scripturas
597 2061 728 2134 Sacras
742 2059 989 2156 interpretari.
1041 2057 1095 2131 Ut
1105 2057 1268 2132 sciamus
1284 2083 1344 2132 an-

298 2183 375 2247 tem
404 2173 663 2246 auctoritatem
690 2171 967 2270 interpretandi
986 2171 1131 2244 verbum
1160 2173 1251 2262 Dei,
1277 2173 1344 2246 boc

296 2293 365 2373 est,
383 2307 509 2358 omnes
527 2287 747 2380 quaestiones
766 2287 811 2360 de
828 2287 909 2360 Deo
921 2295 959 2358 et
975 2283 1152 2380 religione
1172 2283 1345 2359 determi-

296 2395 422 2486 nandi‚
444 2421 519 2470 non
545 2409 711 2494 spectare
728 2399 776 2472 ad
791 2421 988 2494 personam
1006 2420 1269 2494 quamcunque
1286 2423 1343 2472 ex-

295 2517 450 2599 ternam,
462 2508 774 2607 perpendendum,
786 2509 976 2606 imprimite,
982 2521 1050 2598 111,
1064 2508 1153 2605 quid
1165 2511 1344 2584 momenti

297 2647 341 2697 ea
363 2634 526 2721 potestas
552 2625 688 2697 habeat
715 2624 754 2696 in
782 2622 913 2697 animis
941 2621 1077 2695 civium
1102 2620 1344 2719 civilibusque

296 2737 513 2812 actionibus
565 2736 714 2810 Nemini
732 2736 831 2809 enim
847 2736 1017 2831 ignotum
1035 2755 1113 2807 esse
1129 2745 1269 2830 potest,
1286 2761 1343 2808 ac-

296 2851 415 2924 tiones
449 2850 640 2924 hominum
672 2849 896 2924 voluntarias
930 2847 1148 2921 necessitate
1181 2849 1342 2922 naturali

295 2961 460 3058 ipsorum
484 2963 588 3057 sequi
612 2961 802 3059 opiniones
832 2985 922 3057 quas
943 2960 1082 3034 habent
1109 2959 1155 3033 de
1180 2963 1283 3035 bono
1310 2973 1344 3034 11

296 3075 404 3164 muln,
418 3074 578 3170 praemiis
596 3085 633 3146 11
648 3074 769 3170 poenis
783 3105 792 3158 ;
820 3098 866 3146 ex
883 3097 956 3169 qno
973 3075 1016 3146 fit
1031 3083 1075 3145 ut
1094 3073 1343 3148 obedientiam

296 3187 380 3276 11111,
400 3212 557 3283 quorum
578 3188 731 3262 arbitrio
749 3188 807 3260 vel
829 3187 955 3260 felices
971 3186 1030 3260 vel
1057 3187 1285 3262 miserrimos
1307 3189 1342 3261 in

296 3309 477 3372 aeternum
498 3301 643 3375 futuros
672 3325 710 3374 11
739 3300 906 3389 credunt,
933 3311 1108 3395 praestare
1134 3303 1342 3376 necessario

294 3412 420 3486 velint.
473 3414 640 3488 Quorum
667 3426 793 3487 autem
820 3413 983 3504 arbitrio,
1003 3437 1084 3509 qnae
1111 3411 1294 3488 doctrinae
1306 3425 1342 3487 11

295 3549 377 3620 quae
395 3525 559 3599 actiones
576 3527 792 3624 necessariae
805 3526 949 3600 suntad
967 3525 1134 3616 salutem,
1153 3529 1341 3615 statuitur,

294 3661 422 3712 eornm
451 3639 602 3712 arbitrio
631 3649 845 3735 exspectant
867 3638 1033 3712 homines
1051 3638 1270 3714 felicitatem
1287 3641 1342 3714 vel

292 3751 539 3847 perditionem
555 3762 753 3837 aeternam3
780 3753 824 3825 iis
850 3753 964 3849 igitur
989 3753 1028 3824 in
1045 3753 1217 3828 omnibns
1235 3755 1342 3828 rebus

294 3865 553 3961 obsequentur.
607 3865 715 3946 Quod
744 3889 827 3938 cum
852 3864 905 3938 ita
927 3865 988 3953 sit,
1005 3865 1341 3941 manifestissimum

294 3989 363 4068 est,
371 3979 479 4067 11111,
492 3979 555 4074 qui
566 4003 604 4052 11
618 3978 774 4075 obligari
788 3976 946 4052 credunt
958 3979 1058 4051 circe
1069 4003 1130 4052 eas
1141 3980 1339 4070 doctrinas,

295 4115 377 4186 quae
390 4089 603 4165 adsalutem
614 4091 830 4166 necessariae
841 4103 939 4182 sunt,
950 4093 1166 4166 auctoritati
1177 4106 1339 4169 externa

294 4206 536 4298 acquiescere,
554 4230 628 4279 non
658 4205 880 4279 constituere
903 4205 1088 4280 civitatem
1117 4231 1184 4302 per
1206 4233 1257 4298 se,
1277 4207 1338 4282 sed
