<?xml version="1.0" encoding="UTF-8"?>
<!DOCTYPE html PUBLIC "-//W3C//DTD XHTML 1.0 Transitional//EN"
    "http://www.w3.org/TR/xhtml1/DTD/xhtml1-transitional.dtd">
<html xmlns="http://www.w3.org/1999/xhtml" xml:lang="en" lang="en">
 <head>
  <title>
</title>
<meta http-equiv="Content-Type" content="text/html;charset=utf-8" />
  <meta name='ocr-system' content='tesseract 3.04.00' />
  <meta name='ocr-capabilities' content='ocr_page ocr_carea ocr_par ocr_line ocrx_word'/>
</head>
<body>
  <div class='ocr_page' id='page_1' title='image "./thomhobbesmalme09hobbgoog_0011.png"; bbox 0 0 2864 4924; ppageno 0'>
   <div class='ocr_carea' id='block_1_1' title="bbox 410 330 1093 389">
    <p class='ocr_par' dir='ltr' id='par_1_1' title="bbox 410 330 1093 389">
     <span class='ocr_line' id='line_1_1' title="bbox 410 330 1093 389; baseline 0.009 -9"><span class='ocrx_word' id='word_1_1' title='bbox 410 330 544 381; x_wconf 85' lang='lat' dir='ltr'>INDEX</span> <span class='ocrx_word' id='word_1_2' title='bbox 566 332 751 385; x_wconf 76' lang='lat' dir='ltr'><strong>CAPITUM</strong></span> <span class='ocrx_word' id='word_1_3' title='bbox 773 335 887 385; x_wconf 87' lang='lat' dir='ltr'>LIBRI</span> <span class='ocrx_word' id='word_1_4' title='bbox 910 335 961 385; x_wconf 90' lang='lat' dir='ltr'>DE</span> <span class='ocrx_word' id='word_1_5' title='bbox 983 335 1093 389; x_wconf 82' lang='lat' dir='ltr'><strong>CIVE.</strong></span> 
     </span>
    </p>
   </div>
   <div class='ocr_carea' id='block_1_2' title="bbox 579 579 935 622">
    <p class='ocr_par' dir='ltr' id='par_1_2' title="bbox 579 579 935 622">
     <span class='ocr_line' id='line_1_2' title="bbox 579 579 935 622; baseline 0.008 -3"><span class='ocrx_word' id='word_1_6' title='bbox 579 579 636 620; x_wconf 78' lang='lat' dir='ltr'>SUB</span> <span class='ocrx_word' id='word_1_7' title='bbox 658 579 776 621; x_wconf 82' lang='lat' dir='ltr'>TITULO</span> <span class='ocrx_word' id='word_1_8' title='bbox 800 581 935 622; x_wconf 71' lang='lat' dir='ltr'>[Menan.</span> 
     </span>
    </p>
   </div>
   <div class='ocr_carea' id='block_1_3' title="bbox 209 681 1300 938">
    <p class='ocr_par' dir='ltr' id='par_1_3' title="bbox 209 681 1300 938">
     <span class='ocr_line' id='line_1_3' title="bbox 209 681 1300 713; baseline 0.001 -1"><span class='ocrx_word' id='word_1_9' title='bbox 209 681 256 712; x_wconf 69' lang='lat' dir='ltr'>CAP.</span> <span class='ocrx_word' id='word_1_10' title='bbox 1294 701 1300 713; x_wconf 74' lang='grc' dir='ltr'>ι</span> 
     </span>
     <span class='ocr_line' id='line_1_4' title="bbox 227 755 1300 819; baseline 0.001 -2"><span class='ocrx_word' id='word_1_11' title='bbox 227 760 256 817; x_wconf 99' lang='grc'>5.</span> <span class='ocrx_word' id='word_1_12' title='bbox 277 756 325 815; x_wconf 91' lang='lat' dir='ltr'>De</span> <span class='ocrx_word' id='word_1_13' title='bbox 339 756 441 816; x_wconf 74' lang='lat' dir='ltr'>Caunis</span> <span class='ocrx_word' id='word_1_14' title='bbox 454 763 484 814; x_wconf 92' lang='lat' dir='ltr'>et</span> <span class='ocrx_word' id='word_1_15' title='bbox 497 755 691 816; x_wconf 87' lang='lat' dir='ltr'>Generatione</span> <span class='ocrx_word' id='word_1_16' title='bbox 705 755 836 816; x_wconf 89' lang='lat' dir='ltr'>Civitatis</span> <span class='ocrx_word' id='word_1_17' title='bbox 935 790 946 804; x_wconf 93' lang='lat'><em>·</em></span> <span class='ocrx_word' id='word_1_18' title='bbox 1026 791 1038 803; x_wconf 94' lang='lat'>-</span> <span class='ocrx_word' id='word_1_19' title='bbox 1117 792 1129 805; x_wconf 93' lang='lat'><em>-</em></span> <span class='ocrx_word' id='word_1_20' title='bbox 1209 791 1220 804; x_wconf 94' lang='lat'>·</span> <span class='ocrx_word' id='word_1_21' title='bbox 1240 761 1300 819; x_wconf 90' lang='grc'>209</span> 
     </span>
     <span class='ocr_line' id='line_1_5' title="bbox 227 857 1220 938; baseline -0.003 -18"><span class='ocrx_word' id='word_1_22' title='bbox 227 864 256 920; x_wconf 95' lang='grc'>6.</span> <span class='ocrx_word' id='word_1_23' title='bbox 276 859 324 919; x_wconf 86' lang='lat' dir='ltr'>De</span> <span class='ocrx_word' id='word_1_24' title='bbox 337 861 409 920; x_wconf 88' lang='lat' dir='ltr'>Jura</span> <span class='ocrx_word' id='word_1_25' title='bbox 423 859 493 937; x_wconf 87' lang='lat' dir='ltr'>ejus,</span> <span class='ocrx_word' id='word_1_26' title='bbox 507 860 566 918; x_wconf 89' lang='lat' dir='ltr'>sive</span> <span class='ocrx_word' id='word_1_27' title='bbox 577 859 699 919; x_wconf 75' lang='lat' dir='ltr'>Consilii</span> <span class='ocrx_word' id='word_1_28' title='bbox 712 860 771 918; x_wconf 87' lang='lat' dir='ltr'>sive</span> <span class='ocrx_word' id='word_1_29' title='bbox 786 859 920 918; x_wconf 86' lang='lat' dir='ltr'>Hominis</span> <span class='ocrx_word' id='word_1_30' title='bbox 931 861 1023 932; x_wconf 90' lang='lat' dir='ltr'>unius,</span> <span class='ocrx_word' id='word_1_31' title='bbox 1034 862 1084 938; x_wconf 92' lang='lat' dir='ltr'>qui</span> <span class='ocrx_word' id='word_1_32' title='bbox 1097 861 1127 918; x_wconf 94' lang='lat' dir='ltr'>in</span> <span class='ocrx_word' id='word_1_33' title='bbox 1142 857 1220 918; x_wconf 86' lang='lat' dir='ltr'>Civi-</span> 
     </span>
    </p>
   </div>
   <div class='ocr_carea' id='block_1_4' title="bbox 136 963 1299 2191">
    <p class='ocr_par' dir='ltr' id='par_1_4' title="bbox 136 963 1299 2191">
     <span class='ocr_line' id='line_1_6' title="bbox 326 963 1299 1026; baseline 0.002 -3"><span class='ocrx_word' id='word_1_34' title='bbox 326 972 384 1023; x_wconf 89' lang='lat' dir='ltr'>tate</span> <span class='ocrx_word' id='word_1_35' title='bbox 398 982 464 1022; x_wconf 86' lang='lat' dir='ltr'>oum</span> <span class='ocrx_word' id='word_1_36' title='bbox 477 982 590 1022; x_wconf 88' lang='lat' dir='ltr'>summa</span> <span class='ocrx_word' id='word_1_37' title='bbox 604 963 748 1022; x_wconf 87' lang='lat' dir='ltr'>Potestate</span> <span class='ocrx_word' id='word_1_38' title='bbox 762 972 804 1023; x_wconf 89' lang='lat' dir='ltr'>est</span> <span class='ocrx_word' id='word_1_39' title='bbox 844 997 1220 1012; x_wconf 90' lang='lat'>-----</span> <span class='ocrx_word' id='word_1_40' title='bbox 1240 969 1299 1026; x_wconf 89' lang='grc'><strong>216</strong></span> 
     </span>
     <span class='ocr_line' id='line_1_7' title="bbox 227 1064 1219 1146; baseline 0.001 -19"><span class='ocrx_word' id='word_1_41' title='bbox 227 1070 255 1133; x_wconf 85' lang='grc'>7.</span> <span class='ocrx_word' id='word_1_42' title='bbox 275 1068 322 1127; x_wconf 92' lang='lat' dir='ltr'>De</span> <span class='ocrx_word' id='word_1_43' title='bbox 335 1069 428 1126; x_wconf 89' lang='lat' dir='ltr'>tribus</span> <span class='ocrx_word' id='word_1_44' title='bbox 449 1064 606 1126; x_wconf 86' lang='lat' dir='ltr'>Civitatum</span> <span class='ocrx_word' id='word_1_45' title='bbox 628 1066 794 1146; x_wconf 78' lang='lat' dir='ltr'>Speciebus,</span> <span class='ocrx_word' id='word_1_46' title='bbox 814 1067 1007 1141; x_wconf 81' lang='lat' dir='ltr'>Democratia,</span> <span class='ocrx_word' id='word_1_47' title='bbox 1022 1069 1219 1140; x_wconf 81' lang='lat' dir='ltr'>Aristocratia‚</span> 
     </span>
     <span class='ocr_line' id='line_1_8' title="bbox 325 1172 1298 1234; baseline 0.004 -4"><span class='ocrx_word' id='word_1_48' title='bbox 325 1172 498 1232; x_wconf 82' lang='lat' dir='ltr'>Monarchia</span> <span class='ocrx_word' id='word_1_49' title='bbox 569 1204 1218 1221; x_wconf 91' lang='lat'>--------</span> <span class='ocrx_word' id='word_1_50' title='bbox 1239 1177 1298 1234; x_wconf 90' lang='grc'>235</span> 
     </span>
     <span class='ocr_line' id='line_1_9' title="bbox 136 1259 1299 1339; baseline 0.003 -4"><span class='ocrx_word' id='word_1_51' title='bbox 136 1259 139 1266; x_wconf 51' lang='grc'><strong><em>’</em></strong></span> <span class='ocrx_word' id='word_1_52' title='bbox 227 1281 256 1335; x_wconf 90' lang='grc'>8.</span> <span class='ocrx_word' id='word_1_53' title='bbox 277 1275 325 1335; x_wconf 85' lang='lat' dir='ltr'>Do</span> <span class='ocrx_word' id='word_1_54' title='bbox 338 1277 410 1336; x_wconf 87' lang='lat' dir='ltr'>Jure</span> <span class='ocrx_word' id='word_1_55' title='bbox 423 1276 616 1335; x_wconf 88' lang='lat' dir='ltr'>Dominorum</span> <span class='ocrx_word' id='word_1_56' title='bbox 630 1278 659 1334; x_wconf 96' lang='lat' dir='ltr'>in</span> <span class='ocrx_word' id='word_1_57' title='bbox 675 1277 777 1336; x_wconf 83' lang='lat' dir='ltr'>Servos</span> <span class='ocrx_word' id='word_1_58' title='bbox 842 1311 853 1322; x_wconf 96' lang='lat'>·</span> <span class='ocrx_word' id='word_1_59' title='bbox 919 1289 944 1322; x_wconf 91' lang='grc'>’-</span> <span class='ocrx_word' id='word_1_60' title='bbox 1023 1310 1035 1322; x_wconf 96' lang='grc'>-</span> <span class='ocrx_word' id='word_1_61' title='bbox 1115 1309 1128 1322; x_wconf 87' lang='grc'>·</span> <span class='ocrx_word' id='word_1_62' title='bbox 1208 1311 1219 1323; x_wconf 96' lang='lat'>·</span> <span class='ocrx_word' id='word_1_63' title='bbox 1239 1281 1299 1339; x_wconf 90' lang='grc'><strong>219</strong></span> 
     </span>
     <span class='ocr_line' id='line_1_10' title="bbox 227 1379 1298 1457; baseline 0.001 -16"><span class='ocrx_word' id='word_1_64' title='bbox 227 1383 256 1442; x_wconf 88' lang='grc'>9.</span> <span class='ocrx_word' id='word_1_65' title='bbox 277 1379 325 1439; x_wconf 85' lang='lat' dir='ltr'>De</span> <span class='ocrx_word' id='word_1_66' title='bbox 338 1381 357 1440; x_wconf 91' lang='lat' dir='ltr'>J</span> <span class='ocrx_word' id='word_1_67' title='bbox 360 1400 410 1439; x_wconf 87' lang='lat' dir='ltr'>ure</span> <span class='ocrx_word' id='word_1_68' title='bbox 424 1379 580 1439; x_wconf 84' lang='lat' dir='ltr'><strong>Parentum</strong></span> <span class='ocrx_word' id='word_1_69' title='bbox 594 1381 622 1438; x_wconf 94' lang='lat' dir='ltr'>in</span> <span class='ocrx_word' id='word_1_70' title='bbox 637 1379 767 1448; x_wconf 84' lang='lat' dir='ltr'>Liberos,</span> <span class='ocrx_word' id='word_1_71' title='bbox 781 1389 810 1439; x_wconf 86' lang='lat' dir='ltr'>et</span> <span class='ocrx_word' id='word_1_72' title='bbox 823 1381 859 1439; x_wconf 87' lang='lat' dir='ltr'>de</span> <span class='ocrx_word' id='word_1_73' title='bbox 874 1380 977 1457; x_wconf 89' lang='lat' dir='ltr'>Regno</span> <span class='ocrx_word' id='word_1_74' title='bbox 991 1379 1188 1439; x_wconf 86' lang='lat' dir='ltr'>Patrimoniali</span> <span class='ocrx_word' id='word_1_75' title='bbox 1207 1411 1219 1426; x_wconf 92' lang='lat'>·</span> <span class='ocrx_word' id='word_1_76' title='bbox 1239 1385 1298 1442; x_wconf 89' lang='grc'><strong>251</strong></span> 
     </span>
     <span class='ocr_line' id='line_1_11' title="bbox 209 1482 1220 1562; baseline -0.002 -18"><span class='ocrx_word' id='word_1_77' title='bbox 209 1487 255 1544; x_wconf 91' lang='grc'><strong>10.</strong></span> <span class='ocrx_word' id='word_1_78' title='bbox 278 1484 445 1562; x_wconf 81' lang='lat' dir='ltr'>Speciemm</span> <span class='ocrx_word' id='word_1_79' title='bbox 458 1485 545 1543; x_wconf 89' lang='lat' dir='ltr'>trium</span> <span class='ocrx_word' id='word_1_80' title='bbox 566 1482 706 1555; x_wconf 88' lang='lat' dir='ltr'>Civitatis,</span> <span class='ocrx_word' id='word_1_81' title='bbox 726 1485 821 1562; x_wconf 91' lang='lat' dir='ltr'>quoad</span> <span class='ocrx_word' id='word_1_82' title='bbox 841 1485 1030 1555; x_wconf 81' lang='lat' dir='ltr'>incommoda,</span> <span class='ocrx_word' id='word_1_83' title='bbox 1044 1485 1220 1562; x_wconf 86' lang='lat' dir='ltr'>singularum</span> 
     </span>
     <span class='ocr_line' id='line_1_12' title="bbox 325 1588 1297 1668; baseline 0 -19"><span class='ocrx_word' id='word_1_84' title='bbox 325 1588 511 1668; x_wconf 79' lang='lat' dir='ltr'>Comparatio</span> <span class='ocrx_word' id='word_1_85' title='bbox 570 1620 1218 1638; x_wconf 89' lang='lat'><strong><em>········</em></strong></span> <span class='ocrx_word' id='word_1_86' title='bbox 1237 1592 1297 1650; x_wconf 92' lang='grc'><strong>261</strong></span> 
     </span>
     <span class='ocr_line' id='line_1_13' title="bbox 209 1693 1220 1772; baseline -0.001 -19"><span class='ocrx_word' id='word_1_87' title='bbox 209 1698 255 1754; x_wconf 90' lang='grc'>11.</span> <span class='ocrx_word' id='word_1_88' title='bbox 276 1693 357 1753; x_wconf 84' lang='lat' dir='ltr'>Loca</span> <span class='ocrx_word' id='word_1_89' title='bbox 377 1703 406 1753; x_wconf 91' lang='lat' dir='ltr'>et</span> <span class='ocrx_word' id='word_1_90' title='bbox 428 1694 569 1772; x_wconf 86' lang='lat' dir='ltr'>Exempla</span> <span class='ocrx_word' id='word_1_91' title='bbox 588 1696 744 1772; x_wconf 75' lang='lat' dir='ltr'>Scriptura</span> <span class='ocrx_word' id='word_1_92' title='bbox 766 1693 862 1754; x_wconf 79' lang='lat' dir='ltr'>Sacra</span> <span class='ocrx_word' id='word_1_93' title='bbox 880 1695 916 1753; x_wconf 92' lang='lat' dir='ltr'>de</span> <span class='ocrx_word' id='word_1_94' title='bbox 939 1695 1011 1754; x_wconf 89' lang='lat' dir='ltr'>Jure</span> <span class='ocrx_word' id='word_1_95' title='bbox 1032 1693 1135 1771; x_wconf 84' lang='lat' dir='ltr'>Regni,</span> <span class='ocrx_word' id='word_1_96' title='bbox 1155 1711 1220 1772; x_wconf 85' lang='lat' dir='ltr'>quae</span> 
     </span>
     <span class='ocr_line' id='line_1_14' title="bbox 324 1801 1297 1864; baseline 0 -6"><span class='ocrx_word' id='word_1_97' title='bbox 324 1801 451 1859; x_wconf 85' lang='lat' dir='ltr'>secunda</span> <span class='ocrx_word' id='word_1_98' title='bbox 463 1802 598 1860; x_wconf 88' lang='lat' dir='ltr'>videntur</span> <span class='ocrx_word' id='word_1_99' title='bbox 609 1801 760 1859; x_wconf 87' lang='lat' dir='ltr'>antedictis</span> <span class='ocrx_word' id='word_1_100' title='bbox 843 1832 1219 1846; x_wconf 94' lang='lat'>·····</span> <span class='ocrx_word' id='word_1_101' title='bbox 1239 1801 1297 1864; x_wconf 84' lang='grc'>278</span> 
     </span>
     <span class='ocr_line' id='line_1_15' title="bbox 209 1903 1298 1964; baseline -0.001 -1"><span class='ocrx_word' id='word_1_102' title='bbox 209 1907 255 1963; x_wconf 93' lang='grc'><strong>12.</strong></span> <span class='ocrx_word' id='word_1_103' title='bbox 275 1903 323 1962; x_wconf 92' lang='lat' dir='ltr'>De</span> <span class='ocrx_word' id='word_1_104' title='bbox 337 1904 438 1964; x_wconf 86' lang='lat' dir='ltr'>Causis</span> <span class='ocrx_word' id='word_1_105' title='bbox 450 1905 570 1963; x_wconf 81' lang='lat' dir='ltr'>internis</span> <span class='ocrx_word' id='word_1_106' title='bbox 584 1905 738 1964; x_wconf 76' lang='lat' dir='ltr'>Civitatem</span> <span class='ocrx_word' id='word_1_107' title='bbox 751 1904 969 1962; x_wconf 68' lang='lat' dir='ltr'>dissolventibus</span> <span class='ocrx_word' id='word_1_108' title='bbox 1026 1936 1038 1947; x_wconf 94' lang='lat'>-</span> <span class='ocrx_word' id='word_1_109' title='bbox 1116 1935 1128 1948; x_wconf 95' lang='lat'>·</span> <span class='ocrx_word' id='word_1_110' title='bbox 1208 1936 1220 1948; x_wconf 95' lang='lat'><em>-</em></span> <span class='ocrx_word' id='word_1_111' title='bbox 1239 1906 1298 1962; x_wconf 89' lang='grc'><strong>281</strong></span> 
     </span>
     <span class='ocr_line' id='line_1_16' title="bbox 208 2007 1297 2085; baseline 0.001 -18"><span class='ocrx_word' id='word_1_112' title='bbox 208 2012 254 2068; x_wconf 90' lang='grc'><strong>13.</strong></span> <span class='ocrx_word' id='word_1_113' title='bbox 274 2007 322 2066; x_wconf 90' lang='lat' dir='ltr'>De</span> <span class='ocrx_word' id='word_1_114' title='bbox 336 2007 447 2068; x_wconf 82' lang='lat' dir='ltr'>Officiis</span> <span class='ocrx_word' id='word_1_115' title='bbox 460 2027 561 2066; x_wconf 89' lang='lat' dir='ltr'>eorum</span> <span class='ocrx_word' id='word_1_116' title='bbox 575 2009 625 2085; x_wconf 92' lang='lat' dir='ltr'>qui</span> <span class='ocrx_word' id='word_1_117' title='bbox 635 2026 779 2066; x_wconf 90' lang='lat' dir='ltr'>summum</span> <span class='ocrx_word' id='word_1_118' title='bbox 792 2007 949 2084; x_wconf 87' lang='lat' dir='ltr'>Imperium</span> <span class='ocrx_word' id='word_1_119' title='bbox 962 2007 1160 2065; x_wconf 86' lang='lat' dir='ltr'>administrant</span> <span class='ocrx_word' id='word_1_120' title='bbox 1205 2041 1218 2055; x_wconf 93' lang='lat'><em>·</em></span> <span class='ocrx_word' id='word_1_121' title='bbox 1239 2009 1297 2070; x_wconf 90' lang='grc'>297</span> 
     </span>
     <span class='ocr_line' id='line_1_17' title="bbox 207 2112 1293 2191; baseline 0 -20"><span class='ocrx_word' id='word_1_122' title='bbox 207 2115 254 2172; x_wconf 89' lang='grc'>11.</span> <span class='ocrx_word' id='word_1_123' title='bbox 274 2112 322 2171; x_wconf 92' lang='lat' dir='ltr'>De</span> <span class='ocrx_word' id='word_1_124' title='bbox 335 2112 463 2191; x_wconf 86' lang='lat' dir='ltr'>Legibus</span> <span class='ocrx_word' id='word_1_125' title='bbox 477 2121 506 2171; x_wconf 85' lang='lat' dir='ltr'>et</span> <span class='ocrx_word' id='word_1_126' title='bbox 520 2112 650 2172; x_wconf 78' lang='lat' dir='ltr'>Pectatis</span> <span class='ocrx_word' id='word_1_127' title='bbox 749 2143 1219 2159; x_wconf 93' lang='lat'><strong><em>------</em></strong></span> <span class='ocrx_word' id='word_1_128' title='bbox 1239 2115 1293 2172; x_wconf 91' lang='grc'>311</span> 
     </span>
    </p>
   </div>
   <div class='ocr_carea' id='block_1_5' title="bbox 544 2335 957 2378">
    <p class='ocr_par' dir='ltr' id='par_1_5' title="bbox 544 2335 957 2378">
     <span class='ocr_line' id='line_1_18' title="bbox 544 2335 957 2378; baseline 0 -2"><span class='ocrx_word' id='word_1_129' title='bbox 544 2336 602 2378; x_wconf 85' lang='lat' dir='ltr'>SUB</span> <span class='ocrx_word' id='word_1_130' title='bbox 624 2335 742 2378; x_wconf 77' lang='lat' dir='ltr'>TITULO</span> <span class='ocrx_word' id='word_1_131' title='bbox 764 2336 957 2378; x_wconf 79' lang='lat' dir='ltr'><strong>RELIGIONIS.</strong></span> 
     </span>
    </p>
   </div>
   <div class='ocr_carea' id='block_1_6' title="bbox 206 2445 1297 2844">
    <p class='ocr_par' dir='ltr' id='par_1_6' title="bbox 206 2445 1297 2844">
     <span class='ocr_line' id='line_1_19' title="bbox 206 2445 1291 2524; baseline 0.003 -19"><span class='ocrx_word' id='word_1_132' title='bbox 206 2450 252 2507; x_wconf 90' lang='grc'><strong>15.</strong></span> <span class='ocrx_word' id='word_1_133' title='bbox 272 2445 320 2504; x_wconf 86' lang='lat' dir='ltr'>De</span> <span class='ocrx_word' id='word_1_134' title='bbox 334 2445 438 2524; x_wconf 86' lang='lat' dir='ltr'>Regno</span> <span class='ocrx_word' id='word_1_135' title='bbox 451 2446 510 2505; x_wconf 91' lang='lat' dir='ltr'>Dei</span> <span class='ocrx_word' id='word_1_136' title='bbox 523 2466 575 2524; x_wconf 90' lang='lat' dir='ltr'>per</span> <span class='ocrx_word' id='word_1_137' title='bbox 589 2445 729 2506; x_wconf 81' lang='lat' dir='ltr'>Naturam</span> <span class='ocrx_word' id='word_1_138' title='bbox 751 2479 1218 2495; x_wconf 91' lang='lat'>······</span> <span class='ocrx_word' id='word_1_139' title='bbox 1238 2453 1291 2508; x_wconf 92' lang='grc'>331</span> 
     </span>
     <span class='ocr_line' id='line_1_20' title="bbox 206 2549 1292 2629; baseline 0.005 -20"><span class='ocrx_word' id='word_1_140' title='bbox 206 2554 254 2610; x_wconf 94' lang='grc'>16.</span> <span class='ocrx_word' id='word_1_141' title='bbox 273 2549 321 2608; x_wconf 90' lang='lat' dir='ltr'>De</span> <span class='ocrx_word' id='word_1_142' title='bbox 336 2549 438 2629; x_wconf 84' lang='lat' dir='ltr'>Regno</span> <span class='ocrx_word' id='word_1_143' title='bbox 452 2552 511 2611; x_wconf 92' lang='lat' dir='ltr'>Dei</span> <span class='ocrx_word' id='word_1_144' title='bbox 524 2571 576 2629; x_wconf 87' lang='lat' dir='ltr'>per</span> <span class='ocrx_word' id='word_1_145' title='bbox 589 2553 710 2612; x_wconf 87' lang='lat' dir='ltr'>Pactum</span> <span class='ocrx_word' id='word_1_146' title='bbox 725 2551 816 2612; x_wconf 91' lang='lat' dir='ltr'>Vetus</span> <span class='ocrx_word' id='word_1_147' title='bbox 841 2585 1217 2600; x_wconf 93' lang='lat'><em>·····</em></span> <span class='ocrx_word' id='word_1_148' title='bbox 1238 2558 1292 2614; x_wconf 93' lang='grc'>351</span> 
     </span>
     <span class='ocr_line' id='line_1_21' title="bbox 206 2655 1297 2736; baseline 0.003 -20"><span class='ocrx_word' id='word_1_149' title='bbox 206 2658 252 2720; x_wconf 85' lang='grc'><strong>17.</strong></span> <span class='ocrx_word' id='word_1_150' title='bbox 272 2655 320 2715; x_wconf 91' lang='lat' dir='ltr'>De</span> <span class='ocrx_word' id='word_1_151' title='bbox 334 2656 437 2735; x_wconf 88' lang='lat' dir='ltr'>Regno</span> <span class='ocrx_word' id='word_1_152' title='bbox 451 2658 508 2717; x_wconf 88' lang='lat' dir='ltr'>Dei</span> <span class='ocrx_word' id='word_1_153' title='bbox 522 2678 574 2736; x_wconf 88' lang='lat' dir='ltr'>per</span> <span class='ocrx_word' id='word_1_154' title='bbox 587 2657 709 2718; x_wconf 82' lang='lat' dir='ltr'>Pactum</span> <span class='ocrx_word' id='word_1_155' title='bbox 723 2658 839 2718; x_wconf 88' lang='lat' dir='ltr'>Novum</span> <span class='ocrx_word' id='word_1_156' title='bbox 929 2693 941 2706; x_wconf 89' lang='lat'>-</span> <span class='ocrx_word' id='word_1_157' title='bbox 1021 2694 1032 2705; x_wconf 95' lang='lat'>-</span> <span class='ocrx_word' id='word_1_158' title='bbox 1111 2692 1123 2704; x_wconf 95' lang='lat'>·</span> <span class='ocrx_word' id='word_1_159' title='bbox 1206 2695 1218 2707; x_wconf 94' lang='lat'>-</span> <span class='ocrx_word' id='word_1_160' title='bbox 1238 2662 1297 2724; x_wconf 83' lang='grc'>372</span> 
     </span>
     <span class='ocr_line' id='line_1_22' title="bbox 206 2761 1296 2844; baseline 0.004 -24"><span class='ocrx_word' id='word_1_161' title='bbox 206 2764 252 2821; x_wconf 92' lang='grc'><strong>18.</strong></span> <span class='ocrx_word' id='word_1_162' title='bbox 272 2761 320 2820; x_wconf 92' lang='lat' dir='ltr'>De</span> <span class='ocrx_word' id='word_1_163' title='bbox 335 2761 509 2822; x_wconf 80' lang='lat' dir='ltr'>Necessariis</span> <span class='ocrx_word' id='word_1_164' title='bbox 522 2764 558 2823; x_wconf 93' lang='lat' dir='ltr'>ad</span> <span class='ocrx_word' id='word_1_165' title='bbox 573 2764 724 2824; x_wconf 88' lang='lat' dir='ltr'>introitum</span> <span class='ocrx_word' id='word_1_166' title='bbox 740 2766 768 2823; x_wconf 93' lang='lat' dir='ltr'>in</span> <span class='ocrx_word' id='word_1_167' title='bbox 784 2764 918 2844; x_wconf 89' lang='lat' dir='ltr'>Regnum</span> <span class='ocrx_word' id='word_1_168' title='bbox 933 2765 1079 2826; x_wconf 87' lang='lat' dir='ltr'>Coelorum</span> <span class='ocrx_word' id='word_1_169' title='bbox 1114 2799 1125 2811; x_wconf 93' lang='lat'>-</span> <span class='ocrx_word' id='word_1_170' title='bbox 1205 2799 1216 2811; x_wconf 94' lang='lat'>·</span> <span class='ocrx_word' id='word_1_171' title='bbox 1236 2769 1296 2824; x_wconf 93' lang='grc'>111</span> 
     </span>
    </p>
   </div>
   <div class='ocr_carea' id='block_1_7' title="bbox 0 0 1436 4924">
    <p class='ocr_par' dir='ltr' id='par_1_7' title="bbox 0 0 1436 4924">
     <span class='ocr_line' id='line_1_23' title="bbox 0 0 1436 4924; baseline 0 2"><span class='ocrx_word' id='word_1_172' title='bbox 0 0 1436 4924; x_wconf 95' lang='lat' dir='ltr'> </span> 
     </span>
    </p>
   </div>
  </div>
 </body>
</html>
