2864 4924
683 327 736 381 Du
757 327 940 383 nomina.

5 479 7 614 ζ
126 529 221 582 snos,
241 530 279 582 11,
314 495 438 572 omnia
463 495 501 570 in
526 520 600 572 una
625 496 687 572 illa
712 497 903 595 superficie
932 496 1099 588 coernlea,
1122 496 1222 595 quod
1242 495 1348 592 vulgo

5 667 6 680 ,
132 605 274 714 Λή
314 620 469 686 vocatur
486 611 631 703 caelum,
654 611 708 686 ita
723 620 765 686 ut
787 635 835 686 an
859 634 934 686 nne
949 635 1059 710 quam
1076 611 1192 686 altera
1208 634 1232 684 a
1247 609 1349 684 nobis

5 711 6 730 ¹
314 729 431 826 magis
449 729 571 821 distet,
599 730 676 804 sine
694 727 985 805 consideratione
1002 727 1298 826 magnitudinum
1317 739 1350 802 et

313 842 447 918 virium
464 845 596 942 quibus
613 844 651 918 in
669 844 794 920 oculos
810 855 958 918 nostros
975 853 1097 942 agant,
1122 842 1200 918 scio
1218 841 1351 917 intuitu

315 954 508 1054 dijudicari
524 981 599 1032 non
621 957 749 1056 possit,
775 979 953 1055 ponamus
978 979 1045 1054 pro
1072 954 1265 1054 superficie
1291 953 1351 1030 illa

315 1070 454 1146 coelesti
483 1071 536 1166 (in
557 1073 620 1170 fig.
638 1071 677 1168 6)
701 1095 828 1146 arcum
852 1069 947 1162 AD,
974 1068 1094 1168 sitque
1111 1093 1218 1144 arcus
1236 1078 1350 1145 atmo-

313 1184 466 1282 sphaerae
489 1185 583 1276 ΕΗ,
609 1198 646 1260 et
672 1185 864 1283 utriusque
895 1206 1000 1259 arcus
1036 1195 1204 1259 centrum
1222 1182 1264 1258 G.
1297 1183 1350 1256 Sit

313 1298 439 1372 oculus
458 1299 497 1390 F,
523 1299 675 1374 horizon
701 1299 789 1372 FD.
842 1297 1026 1374 Quoniam
1043 1296 1121 1393 jam
1148 1295 1264 1371 diriso
1285 1297 1349 1371 tri·

311 1411 442 1486 fariam
477 1413 558 1487 AD
584 1411 622 1487 in
660 1411 806 1512 punctis
843 1409 941 1486 Bet
968 1409 1009 1501 Ο,
1044 1409 1199 1508 angulus
1236 1409 1350 1484 AFB

312 1527 429 1624 major
441 1538 498 1601 est
511 1525 645 1624 angulo
667 1524 790 1616 BFC,
808 1533 847 1599 et
862 1523 923 1600 hic
936 1525 1054 1621 major
1064 1524 1199 1622 angulo
1219 1523 1350 1610 CFD;
1426 1613 1427 1616 Ἴ

312 1639 343 1714 si
361 1637 585 1715 divideretur
598 1637 753 1738 angulus
770 1637 887 1713 DFA
905 1637 944 1712 in
956 1647 1032 1712 tres
1044 1648 1168 1737 partes
1180 1637 1352 1736 aequoles,

311 1777 418 1829 arcus
448 1753 524 1828 DC
553 1753 670 1850 major
700 1762 794 1827 esset
824 1774 935 1851 quam
961 1751 1044 1844 CB,
1080 1761 1117 1826 et
1146 1750 1208 1826 hic
1235 1755 1353 1850 major

311 1891 420 1967 quarn
448 1867 536 1958 BA,
562 1878 601 1942 et
620 1865 775 1966 proinde
792 1889 876 1965 quae
897 1864 1070 1940 videntur
1095 1866 1134 1942 in
1159 1865 1352 1964 superficie

311 1982 406 2074 coeli,
432 1983 478 2056 ab
501 1981 606 2058 oculo
628 1980 749 2080 posito
770 1980 809 2055 in
832 1979 1023 2078 superficie
1045 1990 1154 2055 terrae
1177 1989 1222 2054 nt
1247 1979 1287 2054 iu
1315 1981 1354 2068 F,
1426 1979 1427 1982 ’

311 2097 379 2170 sub
397 2094 540 2194 angulis
557 2093 699 2171 risoriis
716 2093 927 2193 aequsiibus,
953 2093 1093 2192 majora
1109 2093 1351 2192 apparebunt,

311 2209 389 2284 sine
406 2209 636 2300 refractione,
663 2231 775 2306 quam
792 2232 874 2306 quse
891 2216 977 2282 sunt
991 2227 1101 2305 supra
1117 2205 1353 2298 horizontem

312 2322 485 2410 elatiora;
513 2334 550 2398 et
576 2323 661 2420 quia
685 2323 835 2420 majora,
862 2320 1092 2420 apparebunt
1117 2343 1265 2420 quoquc
1286 2321 1353 2394 ali·

310 2447 447 2536 quanto
465 2435 649 2528 dilutiore,
672 2435 747 2511 sive
764 2436 900 2514 lumine
917 2435 1187 2534 temperatiore.
1242 2435 1354 2511 Seor-

308 2551 376 2626 sim
400 2573 486 2627 vero
500 2550 587 2627 luna
604 2547 844 2626 rubicundior
861 2559 928 2642 est,
953 2559 1104 2648 propter
1124 2549 1354 2650 interspersa

307 2665 345 2740 in
364 2665 608 2762 atmosphaera
618 2662 835 2762 corpuscula
849 2663 1041 2740 illaterrea
1056 2685 1353 2764 aqueaque,quae

307 2779 459 2855 alatere
475 2777 553 2853 axis
572 2777 685 2876 optici
704 2777 979 2855 circumstantia
999 2776 1120 2854 radios
1145 2779 1286 2854 solares
1315 2779 1354 2854 in

307 2916 346 2968 se
363 2903 529 2992 receptos
546 2893 742 2968 reflectunt
758 2892 807 2967 ad
824 2891 991 2977 oculum;
1009 2889 1107 2966 unde
1121 2891 1271 2968 excitati
1288 2893 1353 2966 alii

306 3005 399 3081 radii
418 3005 585 3095 visuales,
611 3017 745 3104 praeter
771 3029 877 3080 axem
903 3003 1077 3103 optinum,
1105 3015 1143 3080 et
1169 3005 1207 3079 in
1234 3030 1355 3104 appa-

305 3132 448 3197 rentem
458 3120 688 3218 superficiem
699 3120 797 3194 lunae
808 3119 1007 3210 terminati,
1018 3117 1159 3194 iaciunt
1169 3131 1212 3193 ut
1222 3118 1355 3196 lumen

306 3234 385 3330 ejus
410 3232 585 3309 reddatur
610 3233 812 3326 turbidum,
839 3257 883 3307 eo
909 3232 1018 3308 modo
1037 3257 1109 3330 quo
1129 3230 1272 3308 dictum
1294 3247 1356 3310 cst

307 3371 418 3447 snpra
442 3346 610 3446 generari
636 3348 796 3423 colorem
822 3349 987 3438 rubeum,
1019 3345 1058 3421 id
1078 3346 1179 3446 qaod
1205 3347 1245 3422 in
1270 3349 1356 3424 sole

305 3473 457 3560 propter
474 3461 593 3536 lucem
610 3462 688 3559 ejus
705 3462 893 3560 ingentem
906 3461 1026 3536 minus
1046 3459 1286 3558 conspicitur.

107 3586 182 3640 aa„
193 3587 267 3648 pros
355 3583 391 3650 9.
410 3575 528 3650 Causa
539 3586 674 3665 autern,
689 3599 801 3672 qnare
812 3575 906 3649 coeio
920 3598 1061 3668 sereno,
1076 3574 1355 3674 noctefrigidc,

106 3653 286 3764 dffi'iidwd'
304 3690 427 3788 plnres
445 3699 623 3788 apparent
640 3688 754 3764 steila
771 3689 854 3764 fixae
871 3712 981 3786 quam
999 3687 1070 3766 aiio
1088 3699 1268 3788 tempore,
1295 3705 1357 3768 est

105 3785 259 3910 mii,
303 3802 536 3904 hujusmodis
565 3803 711 3902 quando
737 3827 800 3878 aer
822 3826 972 3878 serenus
994 3812 1061 3894 est,
1087 3803 1202 3878 steliae
1229 3819 1357 3902 agunt

302 3942 368 4018 per
385 3917 558 4010 medium,
585 3917 623 3992 in
642 3940 714 4015 quo
733 3917 869 3993 actioni
890 3940 1016 3992 earum
1040 3916 1357 4016 impedimentum

302 4033 443 4108 nullum
461 4044 528 4107 est.
581 4031 679 4106 Nam
705 4032 881 4107 serenitas
908 4031 1002 4106 aeris
1028 4031 1171 4106 tollitur
1196 4043 1261 4108 aut
1286 4059 1357 4110 va-

301 4146 452 4245 poribus
470 4157 608 4222 eterra
625 4144 786 4238 elevatis,
811 4144 910 4245 quod
935 4145 1071 4222 accidit
1088 4145 1264 4238 interdiu,
1292 4151 1358 4225 vel

302 4259 561 4353 recidentibus,
589 4259 688 4360 quod
713 4258 847 4337 accidit
873 4260 1043 4336 noctibus
1072 4259 1231 4360 tepidis;
1261 4287 1358 4362 quae
