2876 4908
233 315 287 368 nu
307 313 449 370 nncuo
469 315 540 368 nm
563 315 641 370 eun
664 315 830 370 rscrnu
852 316 1017 372 novum.
1074 303 1142 372 411

104 503 186 558 esse
198 481 340 558 externi
357 481 454 558 illius
471 481 648 557 subditos.
701 481 831 581 Neque
848 505 949 582 crgo,
967 483 1036 560 etsi
1047 483 1149 582 prin.
1178 519 1275 572 ,m
1290 519 1342 573 „L

103 617 190 693 cepe
218 595 351 695 aliquis
374 619 538 672 summus
560 607 706 671 tantum
734 597 966 673 auctoritatis
991 597 1052 674 alii
1071 597 1147 672 cui-
1190 597 1335 704 AL

103 732 250 808 cunque
278 709 416 807 scripto
441 709 673 801 concederet,
690 709 743 786 ita
757 722 882 786 tamen
898 724 941 787 ut
956 711 1149 810 imperium
1163 735 1324 795 inomaus

103 821 210 897 ciuile
219 823 413 898 retinuisse
424 822 701 922 intelligeretur,
713 825 889 924 scriptum
905 825 979 900 tale
988 825 1149 900 validum
1162 803 1362 925 mm,

103 935 192 1023 criu
218 937 502 1036 necquicquam
520 939 729 1030 transferet,
741 938 840 1036 quod
857 939 904 1014 ad
917 939 1149 1014 retinendum
1162 931 1332 1042 fflff'l'w

102 1061 141 1124 et
153 1051 250 1125 benc
266 1049 599 1126 administrandum
616 1051 810 1149 imperium
827 1051 875 1127 sit
890 1053 1148 1128 necessarium.

103 1163 200 1238 Nam
229 1161 311 1263 (per
335 1187 415 1263 cap.
446 1187 492 1238 rr.
521 1163 627 1240 artic,
657 1169 697 1260 4)
727 1167 940 1264 transferre
955 1167 1024 1264 jus
1040 1189 1149 1241 nemo

102 1275 250 1368 dicitnr,
284 1277 354 1352 nisi
389 1276 533 1351 dederit
566 1277 714 1377 signum
747 1277 914 1352 idoneum
946 1277 1150 1353 coleritatis

101 1389 384 1489 transferendi:
411 1389 473 1488 qui
492 1413 579 1464 vero
596 1389 817 1464 uoluntatem
833 1391 1017 1465 retinendi
1034 1391 1150 1489 impe-

101 1503 196 1577 rium
215 1515 341 1601 aperte
358 1503 589 1600 significavit,
603 1527 678 1576 non
695 1513 818 1600 potest
835 1503 979 1578 dedisse
1002 1505 1148 1601 signum

100 1613 275 1690 idoneum
285 1613 529 1690 transferendi
540 1613 920 1713 merliaadimpcrium
930 1619 1147 1693 necessaria.

100 1729 185 1803 Non
205 1727 276 1802 erit
292 1727 406 1825 igitur
427 1727 638 1825 hujusmodi
657 1729 836 1826 scriptum
854 1729 1000 1827 signum
1018 1731 1148 1806 volun·

99 1841 200 1932 tatis,
218 1839 283 1916 sed
300 1841 518 1938 ignorantia*
544 1841 582 1915 in
598 1841 913 1916 contrahentibus,
966 1843 1147 1937 Secundo,

100 1953 408 2030 considerandum
438 1967 495 2030 est
521 1977 631 2052 quam
659 1953 859 2030 absurdum
884 1955 944 2047 sit,
962 1955 1148 2032 civitatem

99 2068 156 2144 vel
174 2091 358 2144 summum
382 2069 624 2166 imperantem
655 2068 898 2144 conscientias
926 2069 1060 2144 civium
1089 2094 1146 2146 re-

99 2181 240 2280 gendos
274 2183 504 2258 committere
533 2181 644 2257 hosti.
708 2185 803 2257 Sunt
828 2183 938 2275 enim,
969 2195 1149 2282 utsupra

100 2307 287 2370 ostensum
299 2305 355 2370 est
371 2293 466 2393 (cup,
479 2319 518 2370 v.
534 2306 603 2370 art.
616 2299 673 2392 6),
687 2295 785 2370 inter
797 2320 835 2371 se
850 2297 887 2372 in
899 2309 997 2372 statu
1010 2296 1147 2388 hostili,

100 2409 310 2506 quicunque
338 2407 375 2482 in
403 2409 585 2482 unitatem
616 2433 784 2506 personae
816 2435 890 2484 non
920 2409 1146 2487 ‹roaluermc

101 2523 233 2620 Neque
264 2523 387 2597 obstat
414 2520 514 2620 quod
537 2545 610 2596 non
636 2543 779 2619 semper
791 2533 980 2618 pugnent5
1007 2547 1093 2596 nam
1111 2535 1149 2598 ct

98 2634 196 2710 inter
225 2635 349 2709 hostes
379 2635 537 2709 induciae
571 2637 691 2720 fiunt;
732 2633 866 2708 sufficit
894 2634 942 2709 ad
975 2635 1147 2710 hostilem

98 2749 274 2839 animum,
293 2745 392 2845 quod
418 2747 624 2822 diffidentia
646 2747 705 2840 sit,
724 2747 825 2844 quod
843 2747 1045 2840 civitatum,
1063 2771 1146 2845 reg-

97 2885 243 2952 norum,
274 2861 509 2959 imperiorum
539 2865 643 2952 lines,
669 2861 850 2959 proesidiis
877 2863 1020 2952 annoti,
1047 2873 1145 2936 statu

96 2973 274 3074 vultuque
287 2975 507 3071 gladiatorio
534 2999 573 3050 se
599 2987 741 3065 mutuo,
759 2975 827 3049 etsi
850 3001 923 3049 non
941 2975 1088 3065 feriant,
1103 2989 1147 3051 ut

97 3087 222 3162 hostes
235 3098 359 3161 tamen
370 3087 595 3163 intueantur,
635 3089 840 3172 Postremo,
854 3113 964 3186 quam
979 3089 1146 3187 iniquum

97 3199 209 3275 estid
227 3201 424 3298 postulare,
444 3201 543 3298 quod
565 3201 645 3299 ipsu
665 3201 876 3299 postulandi
894 3202 1039 3277 ratione
1052 3205 1146 3301 juris

96 3315 206 3388 alieni
226 3339 305 3388 esse
323 3313 521 3390 confiteris.
568 3315 752 3412 Interpres
767 3339 846 3388 sum
863 3315 1062 3414 Scripturas
1081 3317 1144 3391 Sc

97 3429 262 3519 crastibl,
275 3427 336 3524 qui
348 3429 506 3502 civitatis
523 3427 652 3502 alienae
664 3429 753 3502 civis
771 3453 821 3503 es.
875 3431 959 3506 Qua
975 3431 1144 3504 ratione?

98 3543 244 3618 Quibus
260 3543 378 3640 pactis
396 3541 569 3616 interme
587 3555 625 3616 et
643 3543 707 3616 te?
761 3542 991 3618 Auctoritate
1009 3543 1144 3617 divina.

98 3653 207 3731 Unde
220 3655 388 3752 cognitu?
414 3657 467 3730 llx
484 3657 597 3730 Sacra
608 3656 814 3753 Scriptura:
834 3679 879 3730 en
891 3657 1035 3744 librum,
1050 3655 1142 3751 lege.

98 3769 261 3860 Frustra,
278 3769 347 3842 nisi
366 3781 403 3843 et
420 3771 574 3844 eundem
592 3767 680 3842 mihi
696 3769 937 3866 interpreter:
965 3767 1037 3841 mei
1055 3791 1144 3864 ergo

96 3881 188 3978 juris
205 3893 557 3972 est,etcoeteron1m
576 3882 802 3978 singulorum
821 3881 953 3954 rivium
969 3905 1013 3954 ca
1030 3881 1144 3954 inter-

98 3993 281 4090 pretati03
309 3993 346 4069 id
365 3995 463 4091 quod
481 4019 656 4088 negamus
675 3997 793 4068 ambo.
846 3995 974 4067 Ilestnt
991 4017 1091 4090 erge,
1105 3993 1143 4068 in

99 4107 197 4182 omni
214 4107 374 4182 ccclesia
394 4107 626 4198 Christiano,
644 4109 716 4182 hoc
733 4117 801 4196 est,
818 4105 856 4179 in
874 4105 973 4179 omni
992 4105 1144 4181 ciuitate

103 4219 332 4311 Christusne,
347 4221 546 4318 Scripturas
566 4223 687 4296 Sacrae
703 4221 976 4318 interpretatio,
990 4221 1059 4296 hoc
1074 4233 1141 4310 esst,
