2876 4908
289 290 364 360 412
717 307 903 364 annroro.

91 507 190 558 spen,
203 509 255 558 ιη,
278 474 347 569 jas
365 473 638 548 controuersias
665 497 792 548 omnes
817 471 1112 564 determinandi,
1130 471 1343 570 dependeat

105 585 245 689 L
287 597 325 662 et
343 587 530 662 derivetur
546 589 592 662 ab
609 588 828 662 auctoritate
845 585 943 662 illius
959 586 1118 661 hominis
1129 587 1187 660 vel
1204 597 1341 678 coetus,

287 725 399 798 penes
417 726 526 798 quem
544 713 599 777 est
616 725 800 776 summum
817 701 1011 798 imperinm
1029 699 1199 775 civitatis.

76 813 266 938 ssfflffip,
338 823 398 890 28.
427 816 663 913 Quapropter
677 815 827 890 omnino
842 813 915 889 duo
930 826 1016 889 sunt
1033 836 1171 910 genera
1188 823 1344 888 contro-

77 949 138 988 turs·
158 945 261 1002 tauers
288 927 502 1018 versiarum‚
526 952 641 1002 unum
659 929 757 1002 circa
782 928 1019 1028 spiritualia,
1046 928 1117 1000 hoc
1144 938 1212 1018 est,
1236 925 1344 1002 circa

76 1009 118 1054 lari
132 1009 210 1052 elabere
223 1021 262 1066 per
410 1040 417 1056 .
610 1041 617 1058 .
910 1041 918 1056 .
1065 1041 1073 1056 .
1331 1041 1339 1057 .

75 1073 269 1132 pausalano
291 1050 510 1138 quaestiones
534 1040 632 1132 fider,
662 1065 817 1138 quarum
844 1053 979 1115 veritas
1004 1051 1148 1115 rotrone
1175 1041 1342 1114 naturah

76 1137 161 1184 ”⁶⁰⁰⁸
288 1153 503 1249 investigari
536 1177 612 1228 non
646 1165 790 1250 potest;
834 1152 960 1249 quales
995 1163 1081 1227 sunt
1113 1152 1342 1250 quaestiones

290 1265 338 1340 cle
356 1276 494 1338 natura
512 1276 549 1340 et
563 1266 684 1361 officio
702 1267 892 1356 Camers,
911 1265 959 1339 cle
968 1265 1145 1364 premiis
1164 1275 1202 1340 el
1211 1267 1342 1364 panis

288 1379 434 1470 lotarie,
454 1379 499 1452 de
529 1379 806 1454 resurrectione
832 1401 1041 1478 corporum,
1061 1379 1109 1451 sle
1134 1387 1274 1452 actara
1301 1389 1342 1452 et

289 1519 311 1565 o
337 1493 422 1568 sciis
453 1493 684 1592 angelorum,
714 1492 762 1566 cle
789 1491 1037 1567 sacramentis
1067 1503 1106 1564 et
1135 1490 1239 1564 calla
1266 1517 1341 1564 ea-

290 1615 408 1696 terao,
423 1617 460 1680 et
474 1606 626 1692 similia;
654 1607 810 1680 alterum
824 1605 922 1679 circa
937 1603 1158 1700 quaestiones
1171 1603 1342 1678 scientiae

265 1789 268 1796 A
289 1719 471 1810 humanae,
490 1744 646 1818 quarum
671 1720 807 1794 veritas
830 1719 971 1794 ratione
989 1715 1150 1792 naturali
1168 1731 1208 1790 et
1226 1717 1337 1814 syllo-

289 1832 416 1928 gismis
434 1833 590 1923 elicitur,
605 1857 651 1906 ex
663 1831 982 1930 pactishominum
995 1842 1032 1904 et
1043 1830 1336 1921 definitionibus,

290 1943 329 2017 id
352 1956 420 2036 est,
438 1947 596 2043 receptis
613 1969 683 2020 usu
700 1957 739 2018 et
766 1969 949 2020 consensu
971 1944 1158 2020 communi
1175 1945 1339 2018 vocabu-

289 2058 409 2134 lorum
444 2060 800 2157 significationibus;
833 2060 958 2157 quales
992 2069 1079 2134 sunt
1113 2059 1339 2155 quaestiones

289 2195 415 2246 omnes
424 2173 530 2269 jaris
544 2183 581 2247 et
591 2173 859 2271 philosophice.
899 2170 1066 2269 Exempli
1082 2196 1206 2262 causa,
1220 2195 1339 2268 quan·

289 2283 338 2358 do
354 2284 394 2358 in
416 2288 507 2381 jare
525 2287 713 2382 quaeritur,
732 2310 780 2360 an
806 2286 853 2361 sit
880 2285 1097 2384 promissum
1121 2295 1160 2358 et
1184 2295 1337 2381 pactum

288 2420 427 2484 necne;
454 2397 494 2472 id
515 2398 606 2472 nihil
633 2399 732 2473 aliud
759 2409 825 2489 est,
845 2422 955 2495 quam
973 2419 1137 2494 quaerere
1157 2421 1206 2470 an
1224 2399 1338 2472 verba

289 2509 388 2602 talia,
406 2510 472 2584 teli
495 2510 605 2586 modo
631 2512 786 2610 prolata,
805 2511 1035 2609 appellentur
1060 2511 1249 2586 communi
1268 2535 1337 2585 usu

289 2635 327 2698 et
345 2648 523 2698 consensu
549 2625 683 2698 civium
700 2623 927 2722 promissam
944 2634 1009 2696 aut
1026 2631 1182 2720 pactam
1193 2651 1207 2707 ;
1236 2623 1336 2720 quod

290 2737 321 2811 si
339 2737 390 2812 sic
418 2736 661 2835 appellantur,
679 2761 807 2812 verum
834 2748 891 2812 est
917 2735 1114 2835 pepigisse,
1132 2737 1243 2810 aliter
1268 2737 1336 2812 lal-

289 2875 371 2925 sum
385 2879 393 2924 r
420 2851 555 2927 veritas
569 2875 656 2949 ergo
674 2876 718 2925 ea
732 2851 915 2948 dependet
932 2875 954 2924 a
970 2849 1086 2948 pactis
1100 2861 1138 2924 et
1152 2873 1335 2924 consensu

288 2963 489 3038 hominum.
543 2964 729 3054 Similiter,
749 2963 896 3061 quando
915 2962 1094 3060 quaeritnr
1111 2963 1150 3036 in
1160 2963 1334 3060 philoso-

282 3077 381 3173 phia
397 3101 445 3151 an
462 3075 560 3151 idem
577 3078 692 3174 possit
710 3103 788 3152 esse
816 3087 936 3152 totum
963 3077 1002 3150 in
1030 3074 1198 3174 pluribus
1227 3077 1334 3152 simul

289 3189 401 3276 locis;
428 3191 685 3266 determinatio
712 3190 924 3288 quaestionis
950 3188 1132 3287 dependet
1156 3215 1179 3264 a
1207 3191 1334 3288 cogni-

290 3303 391 3377 tione
410 3305 613 3378 communis
631 3329 829 3380 consensus
846 3304 1048 3394 hominum,
1068 3303 1168 3378 circa
1194 3305 1333 3402 signifi-

291 3415 475 3490 cationem
491 3415 660 3492 vocabuli
680 3417 816 3492 lotias:
844 3415 1026 3514 siquidem
1038 3415 1136 3490 enim
1152 3415 1331 3506 homines,

291 3529 437 3626 quando
455 3529 584 3603 dicunt
600 3539 719 3604 totum
743 3553 821 3603 esse
839 3529 986 3616 alicubi,
1004 3528 1217 3626 significant
1235 3555 1332 3604 oom-

288 3643 581 3718 municonsensu
591 3642 797 3739 intelligere
809 3667 847 3716 se
858 3641 950 3716 nihil
965 3665 1043 3716 esse
1057 3639 1223 3738 ejusdem
1235 3641 1329 3732 alibi,

280 3756 422 3842 ‚falsum
434 3768 488 3831 est
501 3756 600 3830 idem
611 3781 689 3831 esse
706 3757 744 3830 in
757 3755 922 3853 pluribus
937 3754 1044 3830 simul
1057 3752 1170 3828 locis:
1197 3754 1330 3830 veritos

290 3891 379 3966 ergo
398 3893 441 3943 ea
459 3867 641 3966 dependet
658 3893 681 3942 a
702 3891 882 3942 consensu
907 3866 1109 3956 hominum,
1129 3866 1329 3965 eademque

289 3983 431 4058 ratione
456 3983 659 4058 incaeteris
687 3983 855 4056 omnibus
878 3981 983 4078 juris
1015 3990 1054 4054 et
1074 3980 1329 4079 philosoplis

291 4097 563 4192 quaestionibus.
590 4098 637 4171 Et
649 4096 711 4192 qui
725 4107 854 4171 contra
869 4095 969 4169 huno
982 4117 1213 4169 communem
1233 4093 1328 4166 circa

289 4231 411 4282 rerum
436 4208 698 4306 appellationes
726 4231 943 4284 consensum
972 4206 1174 4296 hominum,
1198 4231 1243 4280 ex
1264 4207 1324 4280 ob·
