2896 4914
394 301 447 354 nn
468 299 595 355 muns
615 299 800 369 vientur,
819 301 906 354 nuc.
1117 287 1156 354 ll

118 481 255 544 etatem
284 467 409 544 omnia
434 467 557 542 vicina
587 465 737 541 confisae
762 477 952 563 apparent,
977 467 1161 543 confusio-
1199 501 1298 554 osor.
1312 501 1352 554 u.

118 607 277 680 nemque
294 582 395 655 illam
413 605 459 654 ex
477 605 521 655 eo
534 579 634 670 oriri,
649 580 750 677 quod
764 581 885 655 vicina
900 581 975 671 illu,
989 605 1073 656 cum
1086 605 1162 658 non
1205 579 1348 686 ,ἔξω

118 699 193 770 sint
209 695 290 770 visa
305 716 372 790 per
387 717 493 768 axem
511 693 683 790 optieum,
702 693 815 790 dupla
830 705 1048 790 appareant.

167 809 307 884 Coroll.
322 831 369 882 11.
403 807 460 881 Ex
473 806 603 881 eodem
617 807 795 902 seqnitur,
811 808 995 905 objectum
1021 807 1163 884 nullum

117 925 292 1012 immoto¹
307 921 413 994 oculo
440 919 557 994 videri
573 943 681 1016 posse
698 920 770 994 uisi
787 921 960 1006 eonfuse;
985 945 1072 996 nam
1095 922 1164 996 im·

117 1049 220 1112 moto
234 1035 342 1108 oculo
357 1033 530 1108 immotus
542 1043 668 1107 manet
684 1033 763 1106 axis
776 1033 932 1130 opticuS,
945 1033 984 1108 in
998 1059 1072 1132 qno
1086 1035 1164 1112 solo

117 1153 161 1223 fit
176 1148 272 1223 visio
290 1147 476 1238 distincta,
495 1146 560 1220 sed
569 1147 699 1244 puncti
716 1157 861 1222 tantum
883 1147 1002 1222 unius.
1056 1149 1164 1224 Unde

117 1265 160 1337 fit
183 1275 228 1336 ut
251 1261 425 1336 distincta
449 1261 542 1334 visio
564 1261 644 1335 fieri
669 1259 771 1334 nulla
797 1261 925 1358 possit,
960 1263 1033 1336 nisi
1056 1264 1165 1338 oculo

116 1388 245 1472 portes
276 1375 412 1471 objecti
440 1374 601 1470 singulas
630 1385 743 1471 atque
769 1374 969 1450 ordinatim
995 1376 1163 1474 legenter

117 1491 188 1564 etsi
205 1499 327 1563 motus
344 1489 405 1564 ille
416 1489 454 1561 in
466 1488 573 1562 oculo
591 1489 644 1562 ita
656 1489 695 1562 in
705 1489 827 1585 parvis
840 1489 993 1585 objectis
1009 1491 1165 1588 exiguus

117 1603 180 1692 sit,
191 1613 236 1676 ut
253 1627 329 1677 non
345 1601 581 1699 percipiatur.
637 1603 736 1676 Hinc
754 1611 811 1674 est
827 1602 926 1698 quod
941 1603 1006 1698 qui
1018 1627 1165 1678 versum

117 1717 293 1811 aliquem,
316 1715 385 1789 etsi
407 1717 557 1790 brevem
575 1739 722 1812 unoque
739 1714 875 1789 intuitu
892 1717 1165 1813 comprehensi-

117 1828 246 1918 bilem,
258 1829 383 1924 legere
393 1829 559 1926 cupiunt,
570 1851 718 1902 necesse
728 1827 924 1902 habentad
938 1853 1170 1926 consequen*

117 1943 211 2016 tiam
227 1941 420 2016 literarum
437 1943 533 2016 oculi
547 1965 653 2016 axem
670 1955 849 2039 perpetuo
867 1955 1092 2017 convertere.

171 2066 221 2130 ³.
249 2056 526 2153 Magnitudines
552 2067 676 2130 autem
708 2055 814 2128 valde
839 2057 993 2154 exiguae,
1027 2058 1099 2149 vel,
1134 2059 1165 2132 si
1180 2063 1282 2142 ΨΦ

118 2169 302 2258 maximae5
325 2169 432 2243 valde
449 2179 613 2258 remotae,
631 2192 774 2266 semper
790 2169 963 2244 videntur
988 2171 1140 2246 confuse
1155 2133 1361 2256 ;ffi¹fdssm

117 2284 232 2380 idque
249 2300 403 2380 propter
415 2282 694 2380 amplitudinem
706 2284 866 2381 pupillae,
886 2309 968 2383 quae
987 2298 1165 2382 quantum

120 2421 214 2493 opus
228 2408 288 2469 est
304 2396 471 2471 contrahi
484 2420 559 2473 non
570 2407 707 2495 potest.

171 2511 231 2584 Sit
258 2511 357 2584 euim
373 2513 426 2602 (in
441 2513 504 2608 fig.
523 2515 560 2608 4)
577 2512 764 2607 objectum
794 2511 829 2584 A
845 2511 951 2608 qnasi
975 2521 1166 2608 punctum,

120 2627 199 2699 axis
223 2625 371 2722 opticus
396 2627 497 2710 AB;
523 2625 708 2700 videbitur
732 2625 847 2721 igitur
872 2627 1098 2720 punctumA
1127 2627 1167 2700 in

120 2763 189 2812 axe
207 2739 297 2812 BA.
341 2739 493 2828 Rursus
506 2739 555 2813 sit
568 2738 693 2814 radius
713 2739 781 2814 AC
794 2737 1168 2812 incidensinoculum

121 2839 284 2950 oblique
297 2853 346 2926 ad
371 2851 413 2942 C,
439 2865 478 2928 et
504 2863 728 2950 propagatim
746 2875 813 2950 per
835 2851 1094 2926 refractionem
1118 2852 1168 2926 ad

120 2967 281 3039 retinam
306 2966 346 3038 in
363 2966 409 3039 D.
461 2967 583 3040 Ducta
607 2965 721 3062 igitur
737 2989 805 3063 per
821 2975 991 3039 centrum
1017 2965 1047 3038 E
1065 2977 1168 3040 recta

122 3079 207 3170 DF,
235 3079 420 3152 videbitur
445 3091 623 3177 punctum
651 3079 686 3152 A
710 3079 749 3152 iu
774 3090 876 3153 recta
893 3079 975 3152 EF.
1037 3079 1168 3175 Itaque

120 3192 309 3266 videbitur
326 3193 365 3266 in
390 3193 556 3288 pluribus
578 3193 670 3266 locis
688 3193 807 3283 simul,
826 3191 865 3266 id
889 3192 989 3291 quod
1005 3203 1061 3268 est
1078 3217 1166 3268 con-

119 3306 213 3379 fuse.
271 3306 420 3379 Accidit
447 3318 572 3380 autem
598 3305 744 3379 admitti
775 3305 920 3380 radium
950 3307 1039 3396 AC,
1056 3330 1167 3404 prop-

119 3431 225 3494 terea
252 3419 352 3516 quod
375 3418 515 3516 pupilla
545 3419 675 3492 Onon
701 3429 823 3515 potest
849 3420 902 3492 ita
926 3419 1095 3494 contrahi
1124 3432 1168 3494 ut

119 3533 246 3606 radios
264 3532 432 3630 obliquos
450 3531 623 3606 excludat
640 3555 778 3605 omnes

174 3645 312 3719 Coroll.
331 3670 359 3719 1.
379 3646 479 3720 Hinc
507 3657 564 3719 est
587 3645 687 3743 quod
709 3655 833 3742 partes
846 3645 982 3742 objecti
1005 3644 1166 3719 minimae

118 3758 304 3855 distingui
331 3759 429 3832 inter
446 3781 485 3832 se
509 3782 583 3832 non
596 3756 750 3854 possint,
767 3781 815 3830 ne
833 3757 981 3854 quidem
998 3759 1044 3831 ab
1061 3756 1169 3832 oculo

117 3873 264 3968 optime
290 3872 505 3962 constitum,
531 3894 647 3968 eoque
675 3883 863 3968 utcunque
887 3871 993 3945 vitris
1017 3869 1167 3966 adjut03

116 4009 212 4060 nam
230 3984 344 4059 dividi
371 3985 555 4082 objectum
572 3996 695 4082 potest
719 3984 758 4058 in
787 3996 910 4081 partes
936 4006 1079 4080 semper
1101 3983 1170 4056 mi·
1280 4035 1283 4044 -

116 4121 247 4188 nores,
264 4099 446 4173 vitrorum
472 4111 595 4173 autem
621 4099 736 4172 virtus
762 4098 888 4195 augeri
914 4096 953 4170 in
984 4096 1168 4172 infinitum

115 4236 203 4288 non
224 4221 354 4308 potest.
