2864 4924
197 334 251 391 us
273 335 378 392 noco
393 333 566 392 osseum
586 333 845 406 resonamus,
864 333 952 390 auo.
1058 313 1105 400 67

82 504 117 594 D,
134 501 264 580 oouius
281 501 490 602 ubieunque
508 499 546 578 in
564 501 617 590 E;
644 509 941 602 supponaturquo
963 499 1038 577 ΒΑ
1055 498 1108 576 ita
1140 534 1237 592 pnes,
1256 535 1294 590 n.

80 619 239 694 ductant
257 617 485 716 remmono
502 615 551 693 sit
568 614 657 706 Ae,
675 637 802 692 sooans
820 615 849 692 Ε
866 613 895 690 Β
911 613 1007 690 oouli
1025 636 1107 714 per-
1148 611 1291 724 „La
1411 631 1412 698 ;

80 730 305 830 promnion
322 729 370 806 od
393 729 548 827 angulos
576 739 718 815 reotoss
744 727 876 828 sitque,
894 727 1024 828 primo,
1041 727 1108 804 ob·

77 845 207 942 jectum
227 843 352 936 rna
376 843 481 942 eujus
505 840 671 920 terminis
699 829 831 917 reto
855 849 1109 942 supponantur

80 960 192 1035 duem
219 955 423 1034 ineidontas
452 955 547 1048 ΒΗ,
571 955 651 1046 Gi,
682 977 838 1055 quorum
864 955 1009 1034 reflexo
1035 955 1110 1032 sint

80 1071 110 1148 li
123 1073 164 1163 Β,
184 1071 253 1164 ΙΒ,
272 1069 491 1147 aecedentes
508 1067 557 1146 ad
573 1068 720 1146 ooulum
737 1069 776 1146 in
793 1069 834 1146 Β,
875 1069 1003 1146 Duotis
1021 1092 1109 1164 ergo

81 1185 161 1276 BF,
181 1184 253 1262 BG
278 1194 316 1261 et
341 1181 531 1284 productis
555 1180 680 1283 quood
704 1193 830 1260 seoont
854 1182 1009 1260 visuales
1035 1183 1110 1272 nl,

80 1301 167 1392 ΒΗ,
186 1299 224 1376 in
243 1299 277 1376 K
298 1307 336 1374 et
354 1297 394 1392 L,
413 1297 595 1376 videbitur
614 1298 641 1374 F
667 1296 705 1374 in
733 1297 779 1386 K,
796 1296 882 1374 etG
906 1297 944 1374 in
968 1295 1009 1388 L,
1028 1319 1111 1396 qua

80 1423 211 1512 puncto
230 1413 263 1490 K
281 1421 319 1488 et
337 1411 367 1488 L
382 1434 527 1512 semper
550 1419 661 1488 erunt
685 1410 783 1488 inter
805 1410 953 1488 ooulum
976 1421 1014 1488 et
1029 1433 1111 1510 sps-

79 1529 208 1616 oulum
222 1535 418 1626 propterea
430 1522 530 1625 quod
544 1533 631 1602 sunt
648 1523 686 1601 in
700 1522 789 1624 ipsis
803 1524 1000 1602 visualibus
1018 1525 1047 1602 Β
1061 1523 1111 1615 H,

81 1643 106 1718 Β
118 1643 145 1718 1.
175 1641 326 1730 Rursum,
338 1637 388 1716 sit
398 1638 584 1739 objectum
604 1637 644 1715 M
662 1637 694 1712 N
712 1638 751 1714 in
768 1638 956 1738 ipsalineo
967 1639 1112 1738 appari-

80 1755 184 1834 tionis
210 1753 378 1830 maximo
403 1752 492 1831 AO.
544 1751 737 1829 Videbitur
762 1775 851 1848 orgo
879 1751 913 1828 N
944 1752 982 1829 in
1014 1761 1114 1828 reeta

80 1871 162 1961 ΑΒ,
181 1877 219 1944 et
238 1867 277 1944 M
296 1867 334 1944 in
351 1875 454 1944 reeta
471 1866 502 1940 C
517 1867 560 1944 E.
613 1865 688 1942 Sed
704 1865 890 1944 videbitur
907 1889 1054 1966 quoquo
1073 1865 1113 1942 M

80 1983 113 2056 in
130 1991 233 2058 reeta
250 1979 327 2058 ΒΝ
341 1980 583 2082 productust
599 1979 633 2058 N
646 1980 684 2058 in
702 1991 803 2058 reota
822 1981 904 2058 ΒΜ
923 1979 1112 2082 producta.

81 2093 269 2172 videbitur
294 2115 382 2191 ergo
406 2093 446 2171 Μ
470 2093 508 2170 in
529 2093 574 2186 Ο,
592 2105 631 2170 ot
654 2092 688 2170 N
712 2093 751 2170 in
774 2094 811 2188 P,
836 2093 907 2172 hoo
933 2103 1000 2186 est,
1019 2093 1115 2172 inter

80 2208 220 2284 oouium
249 2215 287 2282 et
311 2206 511 2306 speculum.
565 2205 677 2288 Quod
693 2206 725 2284 si
744 2206 783 2283 M
799 2205 834 2284 N
852 2217 948 2284 osset
972 2207 1115 2284 totuin

81 2321 172 2398 linea
190 2321 220 2398 Β
236 2321 278 2414 Β,
297 2319 367 2398 hoo
384 2330 452 2416 ost,
466 2321 497 2398 si
515 2345 590 2398 non
606 2329 704 2399 esset
719 2321 905 2421 objectum
923 2321 1032 2414 reale,
1051 2319 1115 2398 sed

80 2445 255 2532 punctum
273 2433 584 2528 mathematioum,
602 2445 681 2512 tum
705 2435 862 2534 angulus
890 2435 930 2512 Μ
944 2435 1019 2514 ΒΝ
1039 2459 1118 2512 om·

80 2549 163 2625 nino
181 2548 289 2650 perit,
308 2548 524 2626 coeuntibus
550 2548 718 2626 eruribus
745 2549 783 2626 in
809 2550 957 2628 unioom
980 2559 1118 2626 rootam

83 2663 165 2754 BE,
180 2683 294 2762 qnam
319 2659 469 2762 quidem
495 2660 601 2739 linem
618 2661 773 2740 visuales
797 2673 923 2740 secant
945 2663 1063 2740 ambas
1081 2662 1119 2738 in

82 2785 215 2874 porreto
234 2775 275 2868 E,
289 2773 328 2852 id
346 2786 413 2868 est,
433 2774 567 2875 inipso
586 2785 713 2854 oentro
728 2776 880 2862 retinerer
899 2776 964 2853 sed
978 2799 1120 2852 merum

82 2899 266 2987 prunetum,
298 2889 403 2987 eujus
427 2887 576 2966 termini
603 2889 693 2969 nulli
718 2898 815 2982 sunt,
843 2889 1039 2986 imaginem
1064 2888 1120 2965 sui

82 3001 198 3080 faeere
225 3025 302 3080 non
328 3010 462 3104 potest.
516 3001 717 3102 Nunquam
741 3025 830 3098 ergo
856 3003 977 3100 imago
995 3002 1066 3080 orit
1083 3002 1122 3079 in

83 3115 158 3214 ipso
183 3115 304 3210 oculo,
322 3139 443 3218 nequo
472 3127 558 3216 post
586 3115 744 3193 oculum.
798 3115 908 3194 Quod
933 3125 1013 3193 orat
1038 3140 1123 3218 pro-

83 3229 251 3308 nandum.

131 3343 265 3422 Coroli.
292 3365 320 3420 1.
375 3342 527 3421 Quanto
554 3342 670 3440 magis
695 3341 840 3420 aooodit
864 3343 1049 3443 objeotum
1077 3339 1125 3419 od

85 3469 217 3535 ronam
236 3457 267 3534 A
285 3457 327 3552 O,
344 3465 450 3534 tanto
468 3456 589 3554 imago
607 3457 685 3555 ojus
703 3466 741 3532 ot
758 3457 874 3556 major
890 3466 946 3532 ost
962 3469 1001 3532 et
1017 3456 1124 3535 ooulo

85 3571 247 3670 propior:
276 3569 315 3648 id
341 3569 442 3670 quod
469 3580 571 3671 patet
596 3593 641 3648 ex
667 3570 746 3670 ipso
771 3569 1045 3668 diagrammotis
1068 3571 1123 3648 in-

86 3682 278 3780 sporrone.

131 3803 166 3872 9,
193 3797 236 3874 In
260 3819 335 3898 quo
362 3808 500 3896 punoto
524 3796 710 3898 objootum
726 3811 765 3875 ot
782 3799 903 3896 imago
926 3823 966 3876 se
992 3809 1121 3876 mutuo
1135 3817 1335 3884 lussovium

87 3919 248 4006 tangunt,
267 3909 306 3987 in
325 3933 370 3988 eo
387 3923 445 3988 est
471 3923 640 3988 nentrum
664 3913 813 4012 speouli.
867 3914 1121 4014 Supponamus
1133 3885 1326 4010 iiiiiiiit'

90 4019 140 4101 (iu
156 4023 273 4118 figura
295 4025 415 4122 sexto)
436 4023 597 4124 positum
614 4049 693 4100 osso
710 4027 896 4125 objootum
916 4025 1066 4128 aliquod
1084 4027 1121 4106 in
1133 4014 1335 4142 mmm

88 4133 161 4230 ipso
174 4148 300 4215 oentro
316 4137 349 4214 Β
363 4169 372 4226 5
404 4137 524 4216 duotm
541 4162 630 4238 orgo
648 4138 850 4218 incidentes
867 4141 1020 4220 ooibunt
1036 4166 1122 4218 oum
1134 4147 1337 4210 emensum.

91 4249 357 4329 semidiametro
377 4251 465 4346 DB,
483 4263 523 4328 ot
538 4252 713 4352 quoniam
731 4253 838 4330 ΒΒΒ
853 4265 911 4330 ost
927 4256 1025 4333 oouli
1041 4281 1123 4358 per-
