2828 4912
317 331 371 383 nu
392 329 592 383 sunnone
612 330 663 382 ur
683 329 905 384 somnone.
1083 315 1132 382 89

82 483 262 582 cujusque
288 498 403 576 metu,
421 485 569 583 gaudio,
588 485 772 583 cupidine,
793 497 831 559 et
847 483 992 559 caeteris
1017 485 1133 584 pessi·
1168 531 1266 584 ,m
1281 531 1319 583 11.

83 597 240 681 onibus;
267 597 308 672 id
324 598 425 696 quod
442 623 516 674 non
532 611 590 674 est
599 599 713 697 loqui,
725 610 769 675 ut
782 623 825 673 ex
841 622 884 673 eo
898 597 1132 672 menifestum
1173 609 1318 713 Q

81 721 151 800 est,
163 709 266 806 quod
281 711 507 803 animalium,
520 737 604 811 quae
617 713 782 811 ejusdem
794 723 882 787 suut
892 711 1038 809 speciei,
1049 709 1133 785 nbi-

80 823 136 896 vis
153 835 341 898 terrarum
358 850 469 900 voces
487 827 638 916 eaedem,
657 825 848 900 bominum
867 824 1021 899 diversae
1033 834 1131 899 sunt.

131 938 265 1035 Itaque
292 951 429 1014 caetcra
450 939 624 1014 animalia
646 939 760 1014 etium
782 939 974 1014 intellectu
991 949 1132 1014 carent.

80 1049 147 1123 Est
164 1051 267 1123 enim
292 1051 502 1126 intellectus
529 1051 744 1149 imaginatio
771 1052 931 1148 quidem,
959 1051 1025 1126 sed
1051 1075 1133 1148 quae

79 1163 202 1236 oritur
219 1186 266 1237 ex
283 1165 480 1238 verborum
498 1165 767 1262 significatione
785 1166 997 1241 constituta.

129 1285 166 1349 2,
196 1275 290 1350 Cum
314 1289 439 1351 autem
464 1277 645 1352 vocabula
670 1303 715 1352 ex
742 1279 946 1354 constituto
970 1279 1132 1354 humano
1146 1291 1333 1350 monso-

80 1399 166 1461 orta
184 1412 264 1462 esse
282 1389 450 1482 dixerim,
477 1403 618 1487 qnaeret
638 1391 795 1466 fortasse
813 1392 957 1488 uliquis,
976 1415 1132 1489 quorum

79 1501 274 1574 hominum
300 1503 583 1578 constitutiones
604 1515 751 1578 tantum
773 1505 933 1594 valuere,
960 1517 1004 1579 ut
1020 1506 1130 1578 bene-

79 1615 220 1705 ficium,
240 1627 420 1712 quantum
438 1629 592 1712 praestet
605 1618 712 1691 nobis
726 1641 858 1708 sermo,
876 1619 916 1693 iu
932 1643 1050 1716 genus
1063 1619 1133 1692 hu-

79 1751 232 1802 manum
244 1727 413 1802 conferre
423 1741 637 1828 potuerunt.
682 1731 1133 1828 Numcouveuissequou-

79 1841 166 1916 dam
183 1841 224 1916 in
243 1842 437 1917 consilium
454 1844 635 1932 homiues,
664 1857 708 1918 ut
733 1846 845 1918 verba
864 1847 1133 1942 verborumque

79 1968 279 2030 contextus
297 1957 386 2053 quid
404 1957 654 2054 significarent
672 1957 821 2032 decreto
840 1970 1057 2048 statuerent,
1075 1957 1132 2031 in-

77 2069 259 2144 credibile
277 2082 345 2144 est.
398 2070 582 2144 Credibile
604 2095 692 2167 ergo
718 2084 774 2145 est
793 2073 944 2146 nomina
961 2073 1007 2146 ub
1025 2071 1132 2146 initio

77 2207 200 2279 pauca
226 2182 353 2273 fnisse,
383 2196 422 2257 et
445 2208 573 2258 earum
596 2209 721 2258 rerum
745 2209 827 2282 quae
849 2185 1008 2260 maxime
1026 2194 1133 2258 erunt

76 2296 293 2371 familiares.
346 2298 477 2395 Itaque
501 2299 642 2395 primus
667 2300 780 2373 homo
798 2324 864 2373 suo
882 2299 1035 2374 arbitrio
1053 2297 1133 2372 oui-

76 2411 239 2484 malibus
266 2409 485 2507 quibusdam
512 2421 657 2486 tantum
685 2413 837 2486 nomina
858 2412 1045 2509 imposuit,
1073 2412 1130 2485 ni-

79 2523 217 2596 mirum
249 2547 332 2618 quae
361 2547 385 2596 a
413 2522 494 2597 Deo
522 2523 561 2596 in
592 2533 831 2620 conspectum
860 2524 940 2621 ejus
970 2523 1132 2598 adducto

79 2648 211 2721 crant;
239 2635 374 2710 deinde
385 2637 496 2710 rebus
514 2635 606 2727 aliis,
620 2647 734 2734 prout
746 2637 826 2710 eliae
840 2637 993 2733 aliaeque
1006 2659 1130 2711 rerum

80 2749 224 2848 species
242 2749 408 2824 sensibus
426 2751 505 2846 ejus
523 2774 602 2824 sese
620 2750 856 2836 obtulerunt3
884 2775 966 2847 quae
980 2749 1131 2824 nomine

79 2889 103 2936 a
129 2863 303 2960 putribus
331 2875 483 2961 accepta
511 2863 578 2936 filii
603 2863 761 2960 posteris
785 2863 859 2936 suis
884 2861 1128 2952 tradiderunt,

79 2977 142 3073 qni
161 2977 277 3050 etium
299 2976 372 3051 ulia
393 2977 674 3051 adinvenerunt.
727 2976 800 3051 Sed
828 3001 913 3050 cum
942 2975 980 3049 iu
1009 2975 1129 3072 capite

79 3089 246 3164 secundo
265 3091 448 3166 Genescos
465 3091 568 3188 prius
585 3091 730 3165 dicotur
744 3092 843 3165 Deus
862 3089 1129 3186 eromsructur

78 3203 236 3276 arboris
262 3203 433 3277 scientiae
460 3203 547 3276 boni
572 3213 610 3276 et
635 3201 726 3276 mali
749 3203 992 3300 prohibuisse,
1019 3226 1130 3299 quum

77 3315 249 3390 Adamns
262 3315 422 3392 dedisset
435 3315 585 3391 nomina
597 3316 708 3390 rebus
721 3315 815 3407 ullis,
828 3315 1012 3412 quomodo
1026 3339 1129 3390 mun-

78 3429 212 3504 datum
243 3429 315 3503 Dei
339 3429 543 3526 intelligere
573 3429 694 3526 potuit
720 3429 793 3521 ille,
822 3429 885 3526 qui
914 3430 1003 3528 quid
1034 3441 1131 3504 esset

76 3541 208 3634 edere,
223 3541 488 3640 qnidsructur,
500 3542 588 3639 quid
606 3541 735 3633 arbor,
753 3543 842 3640 quid
852 3543 1026 3633 scientio,
1041 3543 1130 3639 quid

78 3655 242 3752 denique
261 3653 390 3728 bonnm
407 3656 466 3729 vel
483 3655 630 3748 molum,
654 3655 775 3730 adhuc
792 3657 1001 3754 ignoravit?
1053 3655 1128 3730 Nc-

77 3791 183 3842 eesse
210 3791 299 3866 ergo
324 3780 380 3842 est
402 3779 446 3843 ut
469 3768 756 3866 prohibitionem
775 3769 875 3844 illam
893 3769 1054 3843 divinam
1071 3768 1128 3842 iu-

77 3879 268 3954 tellexerit
283 3881 448 3956 Adomus
465 3905 541 3957 non
563 3907 608 3956 ex
631 3883 667 3956 vi
692 3883 901 3973 verborum,
928 3882 994 3957 sed
1017 3880 1128 3956 modo

76 3991 206 4089 aliquo
225 3994 508 4092 snpematuroli,
528 4007 572 4070 ut
588 3997 698 4093 paulo
723 4008 808 4096 post
833 3997 1068 4071 manifestum
1084 3995 1128 4070 fit

77 4129 126 4179 ex
145 4129 204 4198 eo,
219 4107 320 4205 quod
336 4107 542 4208 interrogat
555 4133 639 4183 eum
659 4109 770 4200 Deus,
788 4109 868 4207 quis
885 4109 938 4183 illi
952 4109 1128 4184 indicavit

77 4219 183 4315 quod
199 4233 296 4296 esset
312 4222 446 4298 nudus.
499 4222 687 4314 Similiter,
713 4221 898 4320 quomodo
913 4222 1036 4321 potuit
1052 4245 1127 4298 ser-
1203 4247 1209 4258 ·
