2918 4912
85 513 182 566 SEOT·
196 514 249 566 111.

95 598 238 702 BL

284 291 351 356 1596
693 302 907 356 nrunnrns

279 471 444 546 tionibus
474 471 742 568 intelligrmtur,
767 474 838 546 hoe
865 482 932 562 est,
960 482 1144 568 quatenus
1172 471 1212 544 ιἰι
1229 469 1330 568 soro

256 595 262 604 '
281 585 516 659 conscientie
533 597 760 682 spectantur,
778 585 842 659 ubi
860 586 978 659 solum
993 585 1171 681 obligant,
1189 594 1228 657 et
1242 595 1332 656 sunt

280 699 390 795 leges.
442 699 618 772 Actiones
631 709 757 772 tamen
768 675 822 772 iia
837 698 1074 772 diversificari
1087 708 1245 794 possunt
1260 696 1332 769 cir-

144 812 150 828 *
282 811 513 885 cumstantiis
525 822 562 885 et
571 813 653 908 lege
667 811 777 900 civili,
788 823 832 885 ut
842 837 924 908 quae
935 835 1010 886 uno
1021 811 1188 907 tempore
1202 834 1331 906 aequae,

282 926 355 1000 alio
373 926 531 1022 iniquae;
550 937 588 1000 et
605 951 687 1023 quae
704 951 779 1000 uno
798 937 964 1022 tempore
982 949 1067 998 oum
1085 925 1242 1013 ratione,
1261 921 1332 994 alio

283 1048 414 1113 contra
429 1039 610 1112 rationem
632 1039 716 1113 sint.
769 1039 881 1112 Ratio
906 1049 1031 1112 tamen
1057 1038 1188 1111 eadem
1212 1059 1333 1130 neque

282 1153 396 1224 finem
409 1161 539 1240 mutat,
553 1177 636 1248 quae
651 1163 707 1225 est
717 1176 803 1249 pax
816 1161 854 1224 et
866 1150 1048 1247 defensio,
1063 1173 1185 1247 neque
1198 1148 1333 1234 media,

282 1287 419 1361 nempe
437 1264 550 1337 animi
565 1266 720 1338 virtutes
737 1287 811 1354 eae,
825 1289 915 1361 quus
930 1287 1041 1359 supra
1054 1263 1333 1357 deelaravimus,

285 1401 440 1474 quaeque
460 1377 563 1451 nulla
582 1378 641 1451 vel
667 1377 932 1451 consuetudine
957 1377 1016 1450 vel
1041 1377 1123 1472 lege
1151 1375 1252 1449 civili
1273 1375 1336 1447 ab·

284 1490 410 1587 rogari
426 1500 592 1587 possunt.

74 1634 273 1692 orrannum
335 1611 395 1678 30.
423 1605 530 1677 Patet
548 1628 594 1677 ex
611 1604 791 1677 haetenus
809 1603 930 1692 dictis,
946 1628 1056 1699 qnam
1066 1603 1194 1676 faciles
1208 1603 1335 1676 obser-

73 1704 166 1744 eonotur
175 1699 266 1756 implere

69 1766 146 1823 J'ustus
155 1769 194 1810 est.

267 1728 374 1790 'vatu
387 1717 460 1790 sint
477 1727 619 1790 natmae
633 1717 744 1813 leges,
763 1716 898 1813 quippe
916 1741 997 1812 quae
1011 1721 1186 1790 nonatum
1203 1715 1335 1803 solum,

287 1830 354 1903 sed
369 1855 498 1904 verum
509 1842 546 1903 et
561 1841 804 1920 constantem,
818 1829 1022 1926 requirimt,
1038 1853 1147 1926 quem
1166 1828 1231 1924 qui
1241 1852 1337 1925 prae-

288 1945 434 2036 stiterit,
465 1967 549 2017 eum
585 1955 687 2016 reete
716 1967 910 2039 possumus
942 1965 1108 2017 Jusrum
1137 1942 1336 2038 appellare.

287 2058 385 2130 Nam
404 2057 467 2153 qui
485 2066 566 2130 toto
584 2067 720 2129 conatu
737 2056 785 2129 ad
810 2055 850 2128 id
867 2055 999 2145 tendit,
1017 2067 1061 2128 ut
1074 2079 1201 2128 omnes
1220 2054 1338 2128 aetio-

288 2194 353 2244 nes
372 2194 447 2243 suae
464 2170 538 2242 sint
559 2169 761 2242 seeundum
776 2177 962 2265 praecepta
982 2180 1138 2258 natura,
1156 2168 1257 2241 clare
1279 2191 1338 2242 os-

287 2282 410 2355 tendit
427 2283 590 2356 animum
617 2307 656 2355 se
679 2283 815 2356 habere
847 2283 946 2378 leges
976 2307 1038 2356 eas
1070 2306 1197 2372 omnes
1224 2281 1340 2355 adim-

288 2396 427 2494 plendi,
452 2393 551 2492 qu'od
577 2406 632 2469 est
655 2420 764 2469 omne
794 2394 844 2484 id,
873 2395 921 2468 ad
952 2396 1051 2490 quod
1083 2395 1293 2492 obligamur
1317 2419 1341 2466 a

288 2519 423 2582 natura
447 2509 629 2583 rationali.
683 2509 862 2584 univero
888 2519 1010 2581 totum
1032 2509 1070 2581 id
1087 2509 1274 2604 praestitit,
1292 2506 1341 2580 ad

290 2623 389 2720 quod
408 2624 592 2720 obligatus
611 2635 702 2712 erat,
717 2623 848 2718 justos
867 2633 934 2695 est.

164 2782 228 2812 na.
343 2745 403 2812 31.
430 2739 567 2834 Legem
605 2735 812 2809 naturalem
844 2735 998 2807 eandem
1025 2757 1104 2808 esse
1139 2758 1226 2808 eum
1254 2733 1342 2831 Iege

107 2913 119 2943 c
140 2835 146 2846 ’
168 2848 249 2944 ‘mm-
290 2850 440 2940 morali,
459 2850 694 2926 consentiunt
709 2871 835 2921 omnes
853 2846 1063 2945 scriptores.
1101 2847 1144 2920 Id
1164 2871 1280 2943 quare
1293 2847 1341 2920 sit

291 2987 433 3054 verum,
450 2963 651 3036 videamus,
705 2961 904 3033 Sciendum
928 2960 1041 3056 igitur
1066 2971 1134 3046 est,
1152 2959 1285 3033 bonum
1302 2971 1342 3033 et

291 3075 425 3148 malum
451 3075 603 3148 nomina
620 3097 699 3147 esse
723 3074 833 3146 rebus
857 3073 1028 3170 imposita
1054 3073 1103 3146 ad
1128 3073 1341 3168 significan-

294 3189 382 3262 dum
399 3189 616 3284 appetitum,
635 3188 692 3261 vel
710 3173 939 3260 aversionem
957 3209 1085 3259 eorum
1096 3211 1119 3258 a
1136 3186 1271 3281 quibus
1288 3187 1341 3260 sie

293 3301 540 3374 nominantur.
591 3299 788 3396 Appetitus
815 3308 938 3371 autem
965 3299 1158 3372 homiuum
1186 3324 1257 3395 pro
1287 3299 1341 3372 di-

294 3415 408 3487 versis
426 3437 551 3496 eorum
571 3412 883 3511 temperamentis,
902 3411 1244 3504 consuetudinibus,
1263 3414 1342 3509 opi-

293 3528 550 3625 nionibusque,
564 3528 697 3602 diversi
715 3539 818 3613 sunt3
845 3537 888 3599 ut
900 3526 1025 3599 videre
1037 3525 1143 3599 estin
1156 3527 1201 3600 iis
1218 3528 1342 3614 rebuS,

295 3666 385 3738 quas
413 3667 523 3716 sensu
539 3641 774 3740 percipimus
791 3650 883 3737 puta
904 3650 1026 3736 gustu,
1045 3650 1160 3729 tactu,
1179 3639 1340 3714 olfactu:

292 3757 356 3830 sed
374 3757 491 3829 multo
509 3755 626 3853 magis
643 3757 683 3828 in
701 3755 745 3828 iis
762 3755 885 3842 rebus
903 3777 985 3849 quae
1010 3753 1198 3848 pertinent
1217 3753 1267 3827 ad
1283 3778 1344 3827 ae·

291 3871 411 3943 tiones
427 3869 514 3942 vitae
532 3891 756 3959 communes,
773 3867 838 3940 ubi
856 3865 956 3962 quod
971 3864 1033 3939 hie
1051 3863 1198 3956 laudat,
1215 3867 1257 3940 id
1273 3880 1342 3957 est,

293 3984 454 4081 appellat
479 3982 621 4072 bonum,
660 3982 752 4057 alter
778 3981 966 4076 vituperat
990 3991 1033 4052 ut
1063 3979 1227 4064 malum
1267 3981 1342 4053 imo

293 4097 491 4193 saepissime
512 4096 611 4168 idem
633 4095 744 4170 homo
762 4094 914 4170 diversis
931 4093 1161 4190 temporibus
1185 4093 1286 4166 idem
1304 4106 1342 4167 et

293 4205 428 4282 laudat
454 4221 493 4283 et
515 4209 658 4308 culpat.
712 4210 804 4284 Haee
823 4208 912 4282 dum
936 4207 1091 4298 faciunt,
1108 4230 1262 4282 neeesse
1287 4217 1342 4282 est
