2912 4912
283 283 349 350 124
664 299 718 351 nn
738 299 921 351 nondun.

92 497 188 548 socr.
204 499 242 548 11.
278 467 388 563 idque
422 465 512 539 locis
540 476 578 539 et
612 467 839 562 temporibus
871 466 1093 557 constitutis,
1128 467 1328 564 imperavit

93 577 236 680 ᾧ
278 582 418 655 civitas.
471 581 601 675 Itaque
615 580 806 676 judicandi
835 580 924 676 quid
952 580 1001 653 sit
1018 580 1207 670 decorum,
1232 581 1326 677 quid

278 719 365 785 non,
384 695 422 767 in
440 694 587 789 publico
606 695 708 766 cultu
731 694 812 782 Dei,
831 718 943 789 penes
967 694 1155 767 civitatem
1174 696 1237 790 jus
1256 705 1325 767 est.

279 809 506 882 Ceremoniae
523 820 610 880 sunt
620 831 772 903 operum
783 806 931 903 pietatis
946 807 1051 902 signa
1064 807 1138 895 illa,
1152 830 1228 878 non
1239 830 1325 901 qnae

277 933 450 994 anatura
476 920 596 1016 operis
623 933 780 1001 tantum,
799 920 862 1015 qui
890 920 1011 993 cultus
1039 931 1095 993 est
1122 920 1325 1008 rationalia,

278 1033 471 1107 sedetiam
489 1034 552 1106 illa
570 1058 653 1130 quae
682 1034 911 1129 imperantur
937 1034 986 1107 ad
1013 1034 1208 1106 arbitrium
1237 1033 1327 1105 civi-

279 1147 379 1220 tatis.
430 1148 479 1219 Et
504 1159 701 1243 propterea
721 1147 760 1220 in
787 1146 939 1220 diversis
964 1146 1148 1242 gentibus,
1173 1169 1327 1218 necesse

279 1272 335 1333 est
351 1273 394 1333 ut
410 1261 449 1333 in
467 1261 568 1333 cultu
586 1261 655 1333 Dei
672 1262 789 1333 multa
805 1261 880 1334 sint
909 1259 1009 1356 apud
1030 1283 1144 1332 unam
1160 1270 1325 1355 gentem,

279 1397 362 1468 quae
389 1373 488 1469 apud
515 1374 624 1447 aliam
650 1398 726 1447 non
750 1384 859 1459 sunt;
887 1386 925 1448 et
949 1383 993 1446 ut
1016 1373 1172 1446 aliorum
1202 1372 1327 1445 cultus

279 1487 501 1583 quandoque
518 1487 565 1559 ab
584 1487 663 1560 aliis
680 1486 856 1560 rideatur.
908 1485 1039 1559 Cultus
1056 1509 1079 1557 a
1096 1486 1176 1558 Deo
1195 1484 1327 1557 imme-

279 1600 377 1673 diate
407 1600 596 1674 ordinatus
624 1600 746 1673 nullus
776 1623 941 1694 unquam
970 1597 1042 1670 fuit
1074 1608 1327 1694 praeterquam

279 1713 379 1810 apud
411 1713 572 1802 Judaeos‚
600 1723 779 1810 regnante
806 1713 899 1808 ipso.
951 1712 1120 1784 Aliarum
1154 1711 1328 1806 gentium

280 1827 497 1899 ceremoniae
507 1826 589 1898 aliae
603 1825 750 1921 quidem
764 1825 843 1897 aliis
856 1824 973 1920 magis
984 1834 1090 1897 erant
1102 1823 1304 1896 rationales
1316 1855 1325 1908 ;

279 1938 379 2034 apud
395 1962 522 2012 omnes
539 1949 663 2010 tamen
681 1937 897 2010 ceremoniis
915 1936 996 2032 lege
1014 1935 1112 2011 civili
1125 1936 1240 2032 jussis
1257 1937 1325 2024 uti,

279 2052 457 2124 rationale
475 2062 566 2123 erat.

67 2181 148 2226 cnm.
330 2165 460 2238 Cultus
470 2175 593 2260 partes
605 2175 691 2238 sunt
703 2163 762 2238 vel
771 2161 980 2250 rationales,
990 2162 1049 2234 vel
1059 2161 1326 2257 superstitiosae

65 2252 237 2370 fflffi'm
279 2277 356 2351 sive
372 2278 627 2374 phantasticae.
679 2275 891 2350 Rationales
909 2286 1008 2362 sunt,
1017 2275 1148 2370 primo,
1164 2298 1324 2372 precer,-

64 2377 258 2499 fflffg'ff
279 2390 336 2464 his
354 2391 451 2465 enim
470 2391 618 2464 credere
644 2415 712 2464 nos
737 2389 984 2485 significamus
1001 2389 1099 2460 bona
1124 2389 1253 2461 omnia
1267 2387 1326 2462 fu-

278 2514 364 2577 tura
379 2506 503 2592 aDeo,
521 2517 560 2578 et
576 2506 622 2577 ab
640 2528 684 2577 eo
702 2505 780 2576 solo
798 2501 980 2598 speranda
994 2525 1083 2574 esse.
1137 2501 1324 2591 Secundo,

274 2618 494 2716 gratiarum
511 2618 704 2700 actionea;
731 2640 818 2689 nam
834 2616 893 2689 his
906 2614 1154 2710 significamus
1172 2615 1326 2688 credere

276 2756 345 2804 nos
362 2756 385 2804 a
401 2733 494 2821 Deo,
509 2742 547 2804 et
563 2732 609 2804 ab
626 2731 724 2804 illins
742 2729 854 2804 solius
871 2729 1002 2825 gratia,
1016 2730 1115 2801 bona
1130 2730 1325 2823 praeterita

276 2845 400 2917 omnia
415 2845 521 2918 nobis
533 2845 620 2917 data
637 2868 726 2917 esse.
778 2844 898 2916 Deum
914 2852 1039 2915 autem
1051 2842 1223 2938 precibus
1236 2844 1324 2916 flec-

275 2969 366 3049 tere,
384 2959 496 3032 etiam
508 2958 656 3031 vincere
669 2956 835 3030 homines
847 2956 901 3051 pii
915 2955 1089 3028 dicuntur
1105 2955 1322 3052 aliquando;

275 3087 351 3144 non
368 3071 467 3167 quod
477 3070 597 3143 Deum
614 3070 834 3143 sententiam
844 3093 948 3142 suam
962 3081 1000 3142 et
1014 3068 1165 3142 decreta
1181 3081 1323 3144 aeterna

275 3195 418 3258 mutare
449 3208 611 3279 unquam
637 3183 837 3279 coegerint,
854 3181 919 3255 sed
946 3182 1045 3278 quod
1072 3181 1240 3255 omnium
1268 3207 1323 3256 re-

276 3323 359 3370 rum
388 3297 579 3371 ordinator
611 3298 712 3370 Deus
743 3295 841 3368 dona
875 3319 942 3368 sua
974 3293 1165 3368 hominum
1190 3319 1321 3392 preces

276 3411 497 3508 quandoque
509 3410 739 3498 antecedere,
751 3407 972 3505 quandoque
989 3408 1177 3504 consequi,
1190 3410 1321 3484 voluit.

275 3526 381 3600 Adeo
398 3538 532 3599 utnon
550 3524 749 3621 improprie
766 3535 846 3596 tum
868 3547 998 3618 preces
1016 3535 1097 3596 tum
1114 3523 1321 3619 gratiarum

275 3641 440 3714 actiones
466 3663 541 3712 uno
558 3638 707 3711 nomine
724 3635 1023 3735 supplicationes
1040 3635 1217 3732 appellati
1234 3637 1319 3710 sint.

274 3752 413 3842 Tertio,
434 3751 587 3846 jejunia
603 3749 776 3849 publico,
798 3749 933 3844 aliique
962 3760 1066 3823 actus
1092 3761 1249 3845 peccata
1265 3751 1320 3823 ln-

273 3866 451 3963 gentium.
488 3865 602 3961 Signa
618 3864 715 3937 enim
729 3873 816 3937 sunt
825 3862 1065 3960 poenitentiae,
1076 3861 1115 3936 id
1132 3873 1200 3952 est,
1220 3863 1319 3958 qnod

274 3991 511 4077 peccatorum
527 3977 659 4075 pudet;
686 3976 818 4050 deinde
828 3976 928 4072 quod
945 3974 1066 4049 minus
1083 3973 1223 4048 viribus
1235 3972 1319 4073 pro·

274 4094 364 4191 priis
380 4092 652 4190 praeteritorum
668 4091 837 4187 lapsuum
860 4088 999 4162 conscii
1025 4088 1264 4179 confidamus,
1281 4099 1319 4163 et

275 4207 375 4305 quod
403 4205 622 4280 infuturum
652 4204 750 4278 cauti
776 4202 1040 4277 essevolumus
1066 4226 1114 4276 nc
1132 4201 1170 4275 in
1187 4226 1317 4299 pecce-
