2828 4912
387 293 599 347 ramrsmo
617 294 672 348 sn
693 287 914 349 necroans.
1148 281 1217 347 153

96 497 317 572 'stratamsed
342 499 582 595 probabiliter
597 499 755 597 positam
781 521 860 572 esse
887 497 1064 572 confiteor
1076 527 1088 584 ;
1114 498 1216 572 omni

95 661 208 721 tamen
224 647 366 722 civitati
381 659 602 746 potestatem
628 673 807 723 summam
830 660 869 723 et
897 648 1076 745 aequalem
1099 649 1216 722 tribu-

97 795 217 871 endam
233 821 313 872 esse
329 799 466 894 passim
489 811 528 872 ct
549 821 719 896 expresse
746 799 840 873 dico.
888 797 1042 889 Quarto,
1060 797 1106 872 de
1130 797 1217 872 doe

97 947 191 1021 trinis
217 947 486 1046 theologorum,
511 961 757 1048 preterquam
786 947 833 1023 de
865 949 938 1023 illis
972 973 1054 1046 quae
1081 949 1217 1024 civium

98 1097 330 1173 obedientiam
356 1099 492 1173 tollunt
508 1111 549 1173 et
567 1099 725 1174 civitatis
747 1109 883 1174 statum
908 1099 1145 1192 labefactant,
1169 1123 1216 1174 ne

101 1245 177 1342 quid
196 1245 234 1319 in
257 1245 371 1320 ullam
395 1259 538 1343 partem
555 1229 789 1345 disputarem.
830 1249 1030 1341 Postremo,
1053 1273 1101 1323 ne
1129 1249 1218 1346 quid

100 1419 156 1492 per
172 1397 455 1494 imprudentiam
479 1397 624 1472 ederem
651 1399 751 1496 quod
773 1397 874 1473 edito
892 1423 984 1496 opus
1006 1423 1082 1473 non
1107 1409 1215 1490 essct,

101 1547 143 1638 id,
157 1549 250 1645 quod
273 1551 574 1648 conscripseram,
591 1549 729 1648 publici
751 1551 845 1648 juris
868 1573 947 1624 esse
972 1549 1069 1624 illico
1092 1551 1215 1625 nolui:

102 1699 210 1797 itaque
235 1700 459 1798 exemplaria
472 1725 592 1798 pauca
606 1701 778 1798 privatim
794 1700 972 1798 impressa
992 1700 1118 1776 amicis
1142 1701 1214 1775 dis

99 1849 277 1926 tubuenda
288 1851 426 1944 curavi,
438 1862 482 1924 ut
492 1851 682 1925 sententiis
698 1851 852 1925 eliorum
865 1852 1074 1948 exploratis,
1092 1852 1123 1926 si
1134 1877 1216 1949 quae

98 2021 247 2091 erronea,
274 2000 379 2090 dura,
404 2001 606 2083 obscurare
629 2023 709 2073 esse
734 1999 958 2091 viderentur,
976 2023 1021 2074 ea
1045 2001 1217 2075 emenda·

99 2171 176 2239 rem,
191 2149 370 2223 mollirem
386 2161 497 2248 atque
514 2148 747 2245 explicarem.

139 2297 322 2372 Acerrime
333 2321 421 2372 vero
437 2297 658 2394 reprehensa
669 2297 750 2372 haec
759 2297 891 2395 reperi,
902 2296 1004 2396 quod
1013 2295 1217 2393 potentiam

98 2443 227 2521 civilem
238 2445 472 2521 immodicam
487 2447 649 2536 fecerim,
666 2447 732 2520 sed
748 2448 795 2521 ab
812 2446 1092 2532 ecclesiasticis;
1118 2445 1218 2544 quod

97 2593 289 2672 llbertatem
302 2597 539 2672 conscientiae
551 2597 778 2686 abstulerim,
793 2595 858 2670 sed
867 2621 891 2670 a
900 2595 1064 2669 sectariis
1079 2625 1089 2680 3
1116 2594 1216 2691 quod

98 2765 243 2820 summos
268 2747 490 2844 imperantes
505 2746 647 2842 legibus
665 2745 831 2820 civilibus
858 2743 1087 2834 exsolverim,
1113 2742 1179 2817 sed
1194 2767 1219 2816 a

98 2891 235 2989 legistis.
286 2897 431 2970 Horum
461 2895 587 2993 itaque
612 2873 969 2992 reprehensionibus,
985 2906 1029 2968 ut
1051 2893 1116 2993 qui
1138 2917 1217 2968 rem

98 3063 188 3116 suam
199 3057 325 3142 agunt,
342 3045 412 3119 nisi
428 3055 472 3118 ut
488 3067 551 3119 eos
567 3043 686 3118 nodos
700 3043 833 3119 fortius
850 3043 1129 3140 adstringerem,
1140 3067 1217 3117 non

97 3213 304 3290 magnopere
331 3193 598 3268 commovebar.
650 3193 835 3267 Caeterum
865 3217 993 3267 eorum
1011 3215 1135 3283 causa,
1153 3194 1216 3290 qui

98 3339 184 3416 cire
197 3341 276 3440 ipsa
283 3343 466 3441 principia
476 3343 675 3433 haeserunt,
684 3365 817 3440 nempe
826 3353 999 3418 naturam
1011 3343 1216 3434 hominum,

95 3487 147 3582 jus
159 3503 309 3585 natura,
319 3505 490 3568 naturam
501 3503 692 3590 pactorum
706 3503 744 3566 et
752 3493 1027 3590 generationem
1044 3493 1215 3584 civitatis,

100 3641 256 3734 quoniam
272 3669 349 3719 non
360 3645 513 3719 affectus
529 3642 595 3718 sed
611 3667 738 3718 sensus
749 3667 834 3718 suos
846 3645 1024 3742 genuinos
1037 3645 1076 3719 in
1091 3666 1216 3740 repre-

99 3787 278 3868 hendendo
295 3793 440 3890 sequuti
456 3803 553 3884 suut,
567 3790 822 3867 annotationes
840 3791 1058 3891 quibusdam
1073 3791 1113 3865 in
1125 3793 1216 3866 locis

100 3945 214 4044 adjeci,
230 3953 355 4050 quales
377 3951 677 4028 dissentientibus
700 3951 908 4026 satisfacere
921 3973 1026 4049 posse
1038 3950 1214 4048 judicavi.

100 4095 261 4200 Denique,
273 4127 322 4178 ne
339 4125 558 4202 quemquam
585 4101 807 4178 offenderem
823 4113 957 4199 praeter
973 4123 1035 4176 cos
1060 4124 1214 4198 quorum
