2834 4912
276 297 345 364 188
698 313 912 368 maumas.

77 491 174 560 secr.
189 509 240 562 ιιι.
326 485 382 554 ll.
411 479 562 554 Sextum
589 479 680 578 legia
709 481 886 557 naturalis
911 492 1136 580 praeceptum
1163 491 1230 572 eet,
1274 481 1310 556 in
1414 569 1415 572 Ἴ

85 586 230 691 ,ἑή
271 577 411 666 ultione
434 593 512 668 eine
532 595 673 694 poenis,
699 596 943 695 spectandum
970 619 1053 670 erae
1079 621 1150 670 non
1177 591 1310 668 nolon
1413 598 1415 671 ξ

60 723 202 772 mnam
263 703 520 804 preteritum,
538 709 610 782 aed
625 707 936 808 bonunsuturnm
947 737 960 784 .·
981 711 1053 784 hoc
1066 723 1133 800 est,
1147 709 1312 806 infligere
1412 719 1416 745 ¹

58 791 243 912 ffiffliiimm
270 841 418 915 poenam
435 821 535 894 nullo
553 821 624 896 alio
641 825 714 897 fine
730 823 872 897 licitum
890 847 981 911 esse,
1007 824 1077 898 nisi
1095 835 1137 898 ut
1154 823 1233 921 ipae
1250 822 1310 919 qui

58 923 258 980 mmmmm
270 935 437 1030 peccavit
462 935 680 1033 corrigatur,
705 936 763 1010 vei
789 937 850 1012 alii
876 938 1054 1036 supplicio
1079 939 1158 1034 eJus
1181 935 1312 1010 moniti

270 1046 362 1119 fiant
387 1046 567 1122 meliorea.
621 1049 703 1122 Hoc
731 1060 855 1123 autem
885 1075 930 1124 ex
965 1075 1008 1124 eo
1035 1051 1195 1149 primum
1226 1071 1311 1122 con-

270 1160 450 1250 firmatur,
477 1162 577 1258 quod
602 1163 851 1261 unusquisque
868 1163 949 1261 lege
967 1163 1126 1239 naturali
1143 1172 1313 1236 teneatur

269 1272 376 1346 alteri
392 1273 602 1370 ignoscere3
629 1276 739 1350 modo
766 1288 911 1351 cautum
935 1278 1037 1375 prius
1058 1276 1105 1350 sit
1123 1276 1168 1349 de
1185 1274 1313 1349 futuro

270 1397 445 1484 tempore,
488 1397 531 1462 ut
564 1389 719 1463 articulo
754 1391 985 1487 praecedente
1020 1399 1208 1464 ostensum
1245 1401 1310 1462 est.
1414 1455 1415 1458 ,

270 1499 462 1590 Praeterea,
490 1501 577 1598 quia
602 1501 705 1592 ultio,
733 1514 913 1600 quatenus
939 1503 1057 1578 solum
1081 1501 1311 1600 praeteritum

270 1614 534 1704 consideratur,
559 1615 651 1688 nihil
668 1615 768 1690 aliud
789 1625 846 1690 est
867 1627 1002 1712 praeter
1020 1614 1251 1713 triumphum
1276 1625 1313 1688 et

268 1726 423 1824 gloriam
440 1728 563 1817 animi,
582 1753 663 1825 quae
674 1729 721 1803 ad
735 1727 876 1803 nullum
889 1731 1000 1803 finem
1015 1727 1207 1825 dirigitur3
1226 1752 1312 1802 nam

267 1841 497 1938 praeteritum
507 1851 651 1916 tantum
662 1842 942 1940 contemplatur,
953 1842 1036 1915 finis
1049 1853 1173 1916 autem
1186 1841 1314 1916 futura

268 1977 326 2028 res
345 1965 422 2040 est;
441 1954 613 2052 quodque
628 1955 676 2028 ad
693 1954 834 2028 nullum
850 1957 961 2030 finem
980 1954 1162 2052 dirigitur,
1175 1980 1312 2030 vanum

268 2078 346 2141 est:
373 2067 478 2158 uitio,
509 2077 551 2140 ut
578 2091 662 2164 quae
687 2067 853 2141 futurum
880 2092 955 2141 non
983 2079 1136 2166 spectat,
1164 2091 1188 2142 a
1216 2093 1314 2144 vana

267 2180 386 2276 gloria
411 2180 666 2276 proficiscitur,
695 2180 850 2278 ideoque
877 2192 1013 2278 praeter
1037 2181 1221 2255 rationem
1246 2192 1311 2258 est.

268 2292 320 2366 At
337 2293 470 2367 laedere
487 2294 599 2368 alium
611 2308 746 2392 praeter
757 2295 937 2370 rationem
949 2295 1150 2370 introducit
1159 2295 1312 2388 bellum,

268 2417 307 2481 et
329 2418 383 2481 eat
402 2418 532 2482 contra
555 2408 675 2505 legem
698 2421 839 2483 naturae
866 2409 1192 2483 fundamentalem.
1247 2411 1314 2484 Est

267 2520 381 2617 igitur
396 2519 487 2618 legis
503 2530 646 2595 naturae
663 2533 900 2619 praeceptum,
926 2521 964 2594 in
984 2521 1120 2596 ultione
1139 2545 1214 2596 non
1233 2547 1313 2598 esse

267 2633 546 2732 respiciendum,
566 2634 631 2709 sed
647 2635 955 2732 prospiciendum.
1008 2635 1166 2709 Violatio
1186 2649 1314 2712 autem

266 2747 357 2846 legis
374 2749 483 2845 hujus
502 2769 762 2824 cnunamrns
791 2747 882 2822 solet
900 2747 1086 2844 appellari.

55 2864 241 2988 afflans
320 2870 375 2936 12.
405 2863 589 2937 Quoniam
607 2872 730 2935 autem
745 2860 849 2958 signa
866 2861 990 2934 omnia
1004 2860 1078 2934 odii
1093 2871 1130 2934 et
1144 2872 1314 2936 contem-

55 2961 215 3040 untumilim
265 2975 376 3050 tionis
394 2975 442 3049 ad
459 2975 576 3049 rixam
599 2986 637 3049 et
664 2998 827 3073 pugnam
854 2974 1012 3049 maxime
1039 2975 1203 3048 omnium
1225 3000 1314 3074 pro-

265 3101 413 3178 vocant,
456 3089 547 3162 adeo
581 3102 623 3162 ut
656 3088 820 3186 plerique
853 3089 978 3178 vitam,
1012 3087 1149 3162 nedum
1166 3113 1313 3186 ¹pacem

235 3249 238 3258 ·
265 3202 447 3290 amittere,
465 3227 575 3299 quam
593 3203 851 3276 contumeliam
868 3201 945 3298 pati
963 3202 1116 3287 malint;
1143 3203 1315 3299 sequitur

266 3314 421 3411 septimo
435 3316 527 3405 locu,
541 3315 621 3413 lege
634 3317 792 3389 naturali
804 3315 1059 3413 praescriptum
1071 3338 1162 3408 ease,
1176 3317 1313 3414 neqnie

265 3427 477 3526 nelfoctr'e,
505 3429 565 3502 ool
590 3429 725 3518 verbio,
753 3428 814 3502 ool
838 3428 953 3518 onltn,
979 3428 1039 3503 oei
1064 3429 1158 3519 rien,
1191 3429 1314 3504 alteri

265 3543 440 3617 ostendat
456 3567 498 3616 ee
515 3541 619 3617 illurn
636 3541 696 3616 oei
704 3543 829 3617 odisee
842 3541 903 3616 ool
914 3553 1156 3617 contemnere.
1195 3543 1313 3640 Cujus

265 3655 356 3753 legis
389 3656 540 3730 violatio
573 3677 846 3730 courumnam
878 3657 1100 3731 nominatur.
1167 3655 1313 3732 Quam-

265 3794 376 3865 quam
393 3782 517 3844 autem
531 3769 621 3843 nihil
638 3769 865 3867 frequentius
883 3769 942 3859 sit,
970 3793 1080 3866 quam
1097 3772 1312 3866 potentium

263 3906 352 3980 erga
378 3882 498 3957 minus
528 3894 710 3980 potenter,
742 3894 779 3957 et
805 3883 1022 3956 nominatim
1045 3881 1216 3979 judicum
1243 3885 1313 3958 ad-

262 4019 389 4070 versus
407 4020 487 4070 reos
505 4008 706 4069 scommata
722 4006 833 4093 atque
851 3996 1059 4094 opprobria,
1086 4019 1169 4094 quae
1187 4021 1312 4096 neque

263 4110 312 4184 ad
328 4111 381 4183 rei
400 4111 549 4200 crimen,
568 4134 687 4207 neque
705 4109 753 4182 ad
765 4109 900 4206 judicis
918 4109 1104 4206 pertinent
1121 4110 1310 4196 officium

261 4223 471 4320 hujusmodi
501 4235 625 4298 tamen
658 4223 824 4298 homines
855 4233 985 4298 contra
1015 4223 1140 4322 legem·
1163 4223 1311 4299 faciunt

262 4335 478 4428 naturalem,
505 4349 542 4410 et
558 4361 626 4433 pro
641 4337 914 4412 contumeliosis
931 4337 1091 4412 habendi
1105 4350 1204 4414 sunt.
