2864 4924
222 315 278 369 uu
297 313 404 370 uoco
423 311 593 368 cnsncm
612 311 978 382 amnemamnem.
1071 299 1121 366 49

131 481 259 558 Altera
281 477 404 574 caasa,
426 505 510 581 quae
533 479 758 558 determinat
784 479 907 556 lecum
937 479 1120 579 imaginis,
1163 517 1259 570 sm
1274 519 1313 570 n.

83 609 166 671 sum
181 595 390 696 ipsaelineae
405 597 562 672 visuales
590 609 766 671 exeuntes
791 597 839 670 ab
866 597 973 671 oculo
1003 597 1032 670 F
1056 617 1122 694 per
1162 595 1306 703 *L

81 723 219 810 puncta
233 711 456 788 reflectionis
483 711 516 788 Il
532 723 571 788 et
587 711 632 786 C
682 709 878 785 Videbitur
899 735 989 809 ergo
1004 733 1120 808 punc·
1134 735 1238 782 onas
1250 737 1336 795 aaa„

81 841 157 902 tum
181 825 214 902 G
240 837 320 900 tnm
348 825 385 900 in
411 823 540 902 visuali
558 823 646 916 llll,
667 833 747 899 tum
773 823 811 898 in
837 823 1012 922 parallela
1038 823 1182 911 (ΗΜ,Β
1133 803 1328 914 Μ’·””·’
1270 801 1335 846 ””

81 939 274 1015 videbitur
290 962 380 1038 ergo
406 939 444 1014 in
470 937 732 1015 intersectione
757 937 853 1013 adl
903 939 953 1013 llt
966 933 1266 1037 propterfflffl
1133 997 1246 1042 mm
1255 1001 1337 1048 my

81 1053 225 1129 easdem
251 1075 380 1128 causas
395 1051 581 1129 videbitur
596 1065 774 1186 punctum
794 1051 860 1125 H
850 1073 888 1126 m
907 1053 955 1127 K
1133 1063 1236 1186 mem?
1254 1061 1328 1106 mu

127 1167 249 1242 Locus
275 1179 398 1244 autem
431 1165 602 1266 imaginis
628 1165 788 1265 cujusvis
814 1165 876 1242 alii
900 1165 1029 1297 puncti
1055 1129 1236 1241 ob-m'

79 1281 162 1380 jecti
180 1281 369 1355 invenitur
391 1303 459 1379 per
475 1281 628 1357 eandem
655 1279 882 1372 methodum,
909 1279 1081 1355 nimirum
1098 1304 1124 1355 a

82 1407 217 1494 puncto
243 1393 324 1493 ipso
356 1393 526 1471 ducendo
566 1395 700 1470 lineam
729 1393 993 1492 perpendiculo
1024 1393 1120 1470 oculi

82 1509 303 1606 pmmslam,
315 1509 497 1586 etlineam
508 1509 555 1585 ab
569 1509 697 1584 ecdem
710 1521 851 1608 puncto
874 1508 1016 1607 quaead
1033 1533 1118 1584 ocu·

82 1621 390 1699 lumrellectatur.
419 1623 615 1699 videbitur
625 1621 723 1698 enim
736 1621 774 1696 in
788 1645 914 1697 earum
926 1646 1119 1697 concursu.

127 1737 273 1836 Regula
299 1737 380 1814 haec
412 1735 624 1812 inveniendi
652 1735 773 1812 locum
803 1733 974 1832 imaginis
1009 1734 1119 1810 etiam

83 1851 235 1950 speculis
250 1849 371 1950 planis
387 1863 425 1926 et
441 1849 619 1950 sphsence
636 1849 808 1925 convexis
825 1847 1029 1923 communis
1052 1863 1121 1938 est,

83 1989 209 2064 nempe
229 1979 274 2040 ut
301 1963 351 2040 sit
380 1965 482 2040 locus
502 1963 673 2062 imaginis
699 1963 737 2037 in
764 1987 944 2037 concursu
970 1975 1123 2038 rectaea

83 2079 207 2176 quouis
219 2089 359 2178 puncto
376 2077 511 2177 objecti
529 2074 651 2152 ductae
667 2075 930 2176 perpendicula
946 2076 1041 2151 oculi
1058 2099 1122 2174 pa·

83 2191 213 2267 rallelae
230 2215 314 2267 cum
337 2191 436 2268 linea
451 2190 593 2266 visuali.
644 2191 741 2266 Nam
770 2189 809 2265 in
827 2191 985 2289 speculis
1000 2191 1120 2289 planis

84 2309 178 2382 locus
208 2305 379 2404 imaginis
407 2305 524 2381 estin
555 2303 691 2403 objecti
715 2304 990 2404 perpendiculo,
1021 2305 1119 2404 quod

85 2421 173 2496 oculi
190 2419 456 2520 perpendiculo
473 2431 530 2495 est
544 2419 771 2518 parallelum.

130 2547 163 2610 2.
190 2533 301 2612 Quod
327 2535 357 2610 si
376 2535 562 2632 objectum
579 2534 633 2609 ita
649 2531 868 2609 collocatum
898 2533 948 2608 sit
969 2546 1012 2607 ut
1028 2531 1119 2607 inci-

87 2649 209 2724 dentes
234 2647 329 2724 radii
359 2672 435 2724 non
461 2671 502 2724 se
531 2647 768 2740 intersecent,
799 2659 966 2722 centrum
994 2661 1118 2722 autem

86 2763 214 2860 speculi
232 2763 283 2838 sit
296 2761 395 2838 inter
408 2763 553 2838 oculum
568 2775 607 2838 et
622 2763 798 2838 verticem
812 2760 963 2860 speculi,
979 2761 1119 2835 inveni-

87 2891 161 2952 etur
174 2879 278 2952 locus
293 2875 464 2974 imaginis
479 2875 552 2952 hoc
565 2875 686 2952 mado.

132 2991 187 3066 Sit
201 3003 368 3065 centrum
387 2991 524 3088 speculi
535 2991 582 3082 A,
594 3003 721 3065 vertex
740 2989 784 3081 B,
794 2989 912 3087 ipsum
931 2988 1118 3086 speculum

88 3129 145 3194 ce,
170 3106 297 3180 oculus
310 3105 356 3202 s,
373 3105 559 3202 objectum
582 3103 655 3204 gh.
708 3105 836 3202 Sitque
851 3129 915 3202 gc
942 3103 1117 3192 incidens,

88 3231 122 3291 et
137 3219 270 3294 reflexa
285 3219 347 3316 cs¹
386 3217 542 3292 Sititem
559 3217 618 3292 lec
633 3217 810 3309 incidens,
826 3229 865 3292 et
889 3217 1026 3291 reflexa
1041 3217 1120 3314 ejus

88 3331 146 3420 cs.
191 3331 426 3408 videbuntur
451 3355 541 3430 ergo
566 3343 705 3430 puncta
728 3331 792 3430 hg
816 3331 949 3406 alicubi
967 3329 1005 3406 in
1023 3329 1120 3405 visu·

87 3445 275 3544 alibussc
286 3449 366 3544 sc.
419 3445 655 3544 Supponatur
668 3447 744 3544 jam
763 3446 948 3543 objectum
959 3443 1024 3544 hg
1041 3467 1118 3518 mo-

87 3557 154 3632 veri
181 3559 280 3634 inter
312 3559 504 3658 parallelas
537 3559 609 3651 tle,
634 3559 703 3658 gi,
762 3557 995 3633 Videbuntur
1030 3583 1119 3656 ergo

87 3673 303 3764 moverised
320 3671 847 3771 penaliasaliasquevisnales.
888 3675 982 3747 Cum
994 3685 1117 3748 antem

86 3799 252 3880 punctum
268 3811 300 3886 g
317 3787 423 3862 estin
441 3785 467 3878 i,
481 3784 556 3861 eth
573 3785 611 3860 in
625 3785 857 3877 evidentur
871 3787 884 3859 i
897 3791 944 3860 ab
961 3789 1067 3861 ocula
1079 3789 1115 3863 in

84 3921 123 3994 g,
136 3901 207 3974 etl
221 3903 268 3976 ab
280 3899 387 3976 oculo
399 3901 437 3975 in
455 3899 492 3976 a.
536 3901 661 3976 Quare
673 3899 832 3974 vicissim
844 3901 915 3974 etlae
933 3900 1117 3975 videbitur

87 4013 298 4090 aboculoin
326 4013 377 4100 10·
403 4013 789 4114 etgabocnlcini;
810 4015 1117 4112 etambohetg

87 4125 217 4202 abtum
238 4141 278 4202 et
304 4127 434 4202 ecdem
460 4127 568 4201 ezulo
594 4125 632 4201 in
644 4127 689 4224 s.
741 4127 808 4201 list
831 4151 920 4224 ergo
947 4127 1116 4224 imaginis

88 4239 213 4334 objecti
223 4240 281 4340 hg
293 4241 398 4316 locus
407 4241 579 4316 inventus
593 4239 617 4314 t
631 4239 656 4314 i.
679 4239 1115 4317 Quoderatlacienelum.

180 4375 271 4430 vau,
289 4375 338 4430 ιι.
988 4376 1015 4429 n
