2864 4924
314 289 361 364 62
703 302 757 362 oa
778 301 958 364 nonrnn.

126 507 223 562 anor.
239 507 277 560 rr.
313 478 394 556 baec
421 473 542 556 minor
568 495 678 576 quam
700 475 799 556 OD:
826 475 1010 568 nimirum,
1028 474 1100 552 erit
1121 472 1205 552 ΑΚ
1233 471 1354 548 minor

108 655 111 700 ,
131 583 272 694 ,ᾖ
314 615 425 691 quam
443 591 531 682 Kb,
548 603 586 668 et
598 591 677 666 hnc
691 615 801 688 quom
819 591 924 678 LM;
951 601 1149 690 propterea
1161 587 1262 686 quod
1280 611 1353 688 quo

314 703 438 782 radius
454 703 664 783 inclinatior
675 715 743 794 est,
759 727 802 780 eo
820 703 937 804 magis
953 702 1181 800 refringitur,
1195 700 1353 798 ideoque

314 817 470 918 angulus
486 827 563 894 tom
580 816 760 898 refractus
777 841 888 916 quam
904 815 1135 894 refractionis
1152 816 1196 890 fit
1212 815 1343 912 major.

104 913 294 1050 4ί)ωιτεὴιοήῃτξοη.
366 935 401 1020 7.
430 931 634 1010 Quaesitum
649 943 706 1008 est
722 955 836 1030 quare
853 931 909 1010 sol
930 941 969 1010 ct
984 931 1083 1024 lona,
1101 930 1217 1012 aliave
1235 929 1352 1020 stelin,

118 1021 299 1130 mccc
314 1045 471 1142 majores
493 1070 608 1145 prope
633 1045 863 1126 horizontem
890 1046 1061 1126 videntur
1085 1069 1196 1144 quam
1223 1044 1353 1120 eulmi-

118 1141 271 1248 ffissffl
315 1171 468 1246 nantes3
496 1162 598 1258 eujus
614 1161 669 1240 rei
685 1183 834 1240 censam
855 1160 1064 1240 attribuunt
1086 1159 1252 1258 plerique
1278 1158 1354 1234 neri

315 1273 363 1352 od
384 1285 524 1352 certam
550 1265 735 1372 quandin
760 1299 783 1355 a
809 1287 910 1354 terra
926 1274 1151 1356 distantiam
1178 1271 1352 1362 densiori,

315 1411 426 1486 quom
451 1389 515 1487 qui
542 1399 598 1466 est
622 1411 739 1487 usque
766 1388 814 1471 od
839 1400 941 1468 nstro
965 1389 1148 1486 reliquusr
1175 1397 1354 1484 tanquam
1424 1453 1425 1498 ,

315 1512 408 1582 essct
420 1501 520 1580 facta
536 1502 708 1583 refractis
725 1502 873 1586 luminis
891 1503 930 1580 in
947 1503 1135 1582 crassioris
1149 1502 1246 1582 aeris
1265 1503 1354 1578 orbe
1423 1545 1425 1602 3

315 1616 484 1714 quodam,
500 1641 609 1714 quern
621 1627 758 1694 vocant
774 1618 1067 1716 atmospbaeram.
1103 1617 1148 1694 ld
1159 1640 1248 1694 vero
1263 1639 1355 1714 quo·

313 1731 423 1808 modo
435 1730 516 1808 fieri
531 1741 655 1830 potest
673 1731 819 1810 difficile
832 1742 890 1807 est
906 1732 1123 1830 intelligere.
1176 1731 1354 1828 concipio

313 1845 407 1922 bene
430 1869 553 1922 aarum
578 1855 756 1936 nostrum,
774 1846 915 1926 celesti
938 1845 1087 1943 quidem
1104 1844 1354 1944 impuriorem,
1423 1899 1424 1926 f

314 1959 488 2034 nimirum
503 1960 675 2035 halitibus
693 1984 739 2034 ex
761 1972 861 2036 terro
885 1959 1049 2059 marique
1068 1958 1282 2037 densissime
1300 1959 1355 2034 in-

314 2074 506 2171 terspersis
517 2074 653 2172 ubique
663 2073 813 2172 plenum
826 2097 916 2162 esse,
929 2073 1009 2172 (qui
1019 2073 1153 2150 halitus
1165 2095 1240 2150 non
1255 2071 1355 2148 aliud

314 2198 371 2262 eet
392 2211 502 2286 quam
518 2188 577 2266 vel
603 2199 712 2268 terre
738 2187 993 2266 minutissimae
1020 2199 1155 2287 parter,
1173 2186 1233 2262 vel
1249 2209 1355 2284 aqum

313 2301 567 2381 minutissimo
580 2301 772 2402 gutte),et
781 2313 891 2380 terre
900 2301 1112 2402 propiorem
1122 2323 1355 2398 semperesse
1422 2223 1425 2392 d

313 2416 572 2515 impuriorem
598 2416 750 2497 sednon
764 2417 855 2496 lacit
868 2417 1128 2496 refractionem
1144 2414 1355 2514 hujusmodi

313 2529 515 2628 impuritas,
533 2531 604 2612 nisi
620 2531 712 2611 tales
724 2532 882 2630 gottolo
896 2555 1023 2610 omnes
1036 2555 1116 2606 sese
1127 2539 1257 2608 mutuo
1271 2541 1355 2606 tnn-

312 2654 415 2742 gent,
434 2644 500 2720 sed
517 2643 731 2721 debiliorem
747 2656 892 2721 tantum
918 2644 1065 2721 luminis
1082 2644 1289 2730 notionemr
1316 2657 1355 2718 et

312 2757 430 2836 videri
446 2759 644 2862 objectum,
659 2783 735 2839 non
750 2759 899 2858 quidam
910 2769 1016 2836 extro
1028 2757 1150 2834 locum
1162 2757 1354 2848 usitatum,
1423 2789 1424 2864 p

312 2873 378 2952 ssd
394 2873 514 2955 minus
535 2873 709 2966 lucidum,
728 2873 825 2950 sicut
850 2872 986 2950 accidit
1011 2871 1262 2971 spectantibus
1288 2873 1354 2948 ob-

308 2985 449 3083 jectum
466 2986 655 3084 quodlibet
680 3010 747 3088 per
773 3009 898 3066 aerem
925 2985 1039 3064 denso
1065 2985 1216 3084 pulvere
1238 2985 1355 3064 inter·
1422 2983 1423 3010 l

184 3193 188 3200 ι
311 3123 490 3197 sparsum.
526 3100 710 3181 Ceterum
725 3111 770 3178 ut
786 3123 849 3178 aer
867 3099 958 3198 ipse,
973 3100 1036 3198 qui
1052 3098 1266 3198 pulvisculis
1283 3101 1354 3176 illis

313 3213 502 3306 interfluit,
520 3213 569 3292 sit
586 3213 733 3292 densior
749 3214 788 3292 in
814 3238 889 3292 uno
908 3214 989 3290 loco
1006 3237 1118 3312 quam
1135 3213 1174 3290 in
1191 3214 1278 3306 alio,
1298 3215 1355 3292 in-

312 3325 477 3424 telligere
500 3351 575 3404 non
598 3351 757 3426 possum.
811 3328 953 3428 Itaque,
972 3326 1118 3406 etiamsi
1134 3351 1180 3404 ex
1196 3327 1354 3406 articulo

311 3440 545 3538 praecedente
562 3465 711 3518 neeesse
731 3441 792 3531 sit,
810 3441 842 3516 si
862 3441 1073 3538 hujusmodi
1090 3440 1199 3518 detur
1216 3451 1354 3518 manos·
1421 3459 1422 3500 ἰ

312 3553 449 3652 phora,
464 3565 704 3652 sequnturum
717 3554 804 3634 inde
821 3577 901 3632 esse
913 3565 956 3630 ut
972 3566 1073 3632 ostra
1083 3556 1225 3652 majora
1241 3580 1356 3656 oppe-

312 3680 419 3747 reant
435 3679 545 3770 prout
561 3669 743 3746 accedunt
759 3667 808 3744 ad
825 3668 1068 3756 horizontem,
1079 3679 1205 3744 tamen
1218 3679 1355 3748 otmos·

311 3783 438 3881 phaera
471 3782 548 3879 ejus
582 3782 815 3882 phaenomani
848 3805 960 3858 causa
991 3805 1072 3858 esse
1102 3806 1178 3860 non
1207 3793 1354 3882 potest:

310 3899 441 3996 primo,
460 3898 547 3997 quia
563 3898 602 3974 in
618 3921 664 3972 ea
679 3897 781 3972 nula
796 3898 840 3972 fit
857 3895 1046 3974 refractior
1074 3895 1249 3988 secundo,
1268 3897 1356 3994 quia
1420 3931 1421 3980 l

311 4013 343 4090 si
359 4024 468 4104 esset,
485 4011 673 4088 videretur
704 4010 759 4086 sol
787 4011 854 4086 sub
879 4011 1018 4107 majore
1035 4010 1170 4106 angulo
1192 4010 1231 4089 in
1256 4009 1357 4088 boti-

311 4138 421 4205 conte
437 4149 549 4224 quam
566 4125 634 4204 sub
652 4122 876 4210 meridiono;
903 4124 1028 4223 itaque
1046 4123 1158 4200 etiam
1174 4123 1355 4204 minorem

308 4241 473 4322 efficeret
488 4239 702 4326 umbrorum
719 4237 952 4322 latitudinem
970 4238 1092 4318 onens
1106 4238 1165 4320 vel
1180 4225 1356 4320 cennens
