2904 4916
303 289 375 353 346
731 301 918 355 antimo.

106 497 205 552 sacr,
221 503 274 553 111,
301 467 440 563 alloqui
457 466 630 540 decenter
653 477 692 541 et
712 468 912 560 humiliter,
932 467 1063 542 cedere
1081 467 1127 540 de
1146 467 1205 542 via
1222 468 1283 541 vel
1306 468 1351 542 de

116 578 259 684 ,ξύ
300 579 372 652 alio
407 602 626 676 quocunque
660 579 865 653 commodo.
918 578 1021 653 Nihil
1046 581 1087 653 in
1118 579 1176 654 his
1205 591 1350 654 mutare

302 692 431 766 civitas
456 701 590 788 potest.
642 692 717 766 Sed
741 692 895 766 infinitae
912 693 994 766 aliae
1019 705 1118 782 sunt,
1135 717 1232 788 quae,
1252 695 1350 789 quod

302 807 436 881 attinet
462 806 511 880 ad
538 807 718 881 honorem
747 817 811 880 ant
843 807 1116 897 contumeliam,
1137 806 1349 904 adiaphorae

303 931 412 1004 sunt;
439 944 492 994 eae
505 920 645 994 veroin
659 921 926 1017 signahonoris
942 944 967 993 a
983 921 1132 995 civitate
1149 933 1188 995 et
1203 922 1348 995 institui

302 1044 469 1131 possunt,
487 1044 526 1107 et
545 1033 728 1108 institutae
753 1057 882 1107 revera
905 1033 1118 1108 honorificae
1144 1044 1245 1108 sunt.
1295 1037 1348 1108 llx

303 1171 377 1244 quo
392 1147 550 1244 intelligi
567 1157 689 1245 potest
712 1147 855 1245 civitati
872 1147 1118 1222 obediendum
1137 1171 1229 1238 esse,
1249 1149 1347 1244 quic-

303 1260 393 1356 quid
413 1260 563 1356 jusserit
589 1284 657 1356 pro
683 1260 788 1357 sig'no
816 1259 1024 1335 honorandi
1054 1261 1187 1351 Deum,
1215 1261 1346 1352 idest,

302 1398 369 1470 pro
387 1372 490 1447 cultu
505 1374 684 1470 usurpari,
703 1372 813 1447 modo
830 1373 870 1446 id
890 1374 929 1447 in
953 1374 1100 1470 signum
1119 1374 1274 1448 honon's
1293 1375 1346 1448 in-

301 1487 405 1561 stitui
421 1488 560 1584 possit;
588 1488 674 1583 quia
696 1487 849 1560 honoris
873 1488 1020 1584 signum
1043 1498 1111 1576 est,
1130 1488 1231 1585 quod
1245 1490 1346 1584 jussu

301 1601 460 1674 civitatis
476 1625 544 1696 pro
562 1600 629 1674 tali
646 1613 856 1698 usurpatur.

90 1715 265 1825 llffiffiffl
355 1717 412 1797 17.
439 1714 632 1811 Regnante
657 1713 737 1788 Deo
753 1738 820 1810 per
837 1715 953 1788 solam
970 1725 1155 1804 naturam,
1176 1741 1260 1812 quae
1277 1717 1346 1790 sint

88 1795 247 1953 &lulag
300 1828 400 1924 leges
417 1828 508 1923 ejus,
521 1836 599 1900 tam
616 1851 730 1901 sacrae
744 1851 854 1926 quam
873 1827 1068 1918 secudares,
1084 1827 1245 1902 diximus
1259 1831 1345 1926 jam.

88 1923 288 2034 ffimaifacia.
301 1941 486 2016 Quoniam
512 1951 635 2013 autem
660 1965 770 2014 nemo
795 1953 864 2031 est,
883 1940 973 2037 quin
992 1940 1069 2013 falli
1087 1941 1345 2015 ratiocinando

88 2041 287 2148 ffifflum
298 2054 426 2150 possit,
453 2054 720 2150 contingatque
747 2055 847 2128 circa
871 2054 1066 2152 plerasque
1089 2055 1258 2128 actiones
1283 2056 1347 2128 ho-

88 2171 239 2277 ffig’gffi
251 2167 417 2240 hemines
435 2166 594 2240 discordi
611 2166 795 2242 sententia
807 2191 899 2258 esse,
913 2168 1030 2265 quaeri
1041 2168 1201 2242 ulterius
1214 2179 1346 2266 potest,
1436 2199 1437 2212 ¹

88 2299 182 2374 efflatis
191 2299 256 2356 imne-
301 2304 497 2377 quemnam
511 2289 624 2353 recta
636 2280 812 2370 rationis,
821 2281 893 2354 hoc
908 2293 977 2368 est,
988 2280 1112 2376 legum
1126 2305 1280 2355 suarum
1294 2283 1347 2355 in·
1436 2305 1437 2308 ’

87 2377 272 2408 ”mmmm
299 2404 504 2492 terpretem
514 2393 615 2466 Deus
641 2415 719 2466 esse
736 2393 864 2468 voluit.
907 2394 957 2466 Et
968 2393 1014 2466 de
1032 2392 1185 2492 legibus
1200 2395 1348 2492 quidem

298 2505 546 2595 secularibus,
559 2506 677 2596 idest,
692 2506 738 2580 de
749 2506 794 2580 iis
809 2531 893 2603 quae
903 2505 1091 2602 pertinent
1104 2506 1154 2580 ad
1164 2509 1347 2604 justitiam

299 2631 337 2694 et
347 2644 469 2694 mores
480 2619 672 2693 hominum
681 2643 808 2693 versus
823 2621 1006 2711 homines,
1025 2644 1071 2694 ex
1082 2634 1170 2695 ante
1184 2621 1296 2696 dictis
1307 2623 1349 2697 de

300 2734 460 2808 civitatis
483 2733 759 2824 constitutione,
786 2735 925 2808 rationi
951 2745 1247 2809 consentaneum
1273 2761 1349 2810 esse
1435 2773 1436 2778 ,

300 2845 786 2942 demonstravimus,judioia
795 2846 920 2921 omnia
930 2871 1009 2921 esse
1019 2871 1133 2944 penes
1143 2849 1348 2932 civitatem

295 2961 436 3058 judicia
447 2970 570 3034 autem
582 2959 674 3032 nihil
687 2959 788 3046 alind
801 2983 889 3050 esse,
905 2985 1016 3056 quam
1028 2962 1154 3058 legum
1166 2961 1350 3060 interpre-

299 3074 480 3148 tationes:
518 3083 555 3148 et
588 3097 655 3169 per
688 3096 930 3171 consequens,
966 3075 1090 3171 legum
1118 3075 1350 3176 interpretes

299 3188 436 3283 ubique
463 3211 541 3260 esse
571 3186 751 3277 civitates
774 3187 847 3262 hoc
876 3198 942 3278 est,
968 3211 1031 3261 eos
1062 3187 1125 3286 qni
1156 3188 1348 3263 civitatum

297 3299 845 3398 habentimperinmsummum.
870 3299 1351 3400 Delegibunantemsaoria
1434 3293 1435 3326 i

299 3413 605 3488 considerandum
623 3423 690 3503 cst,
709 3414 809 3510 qnod
826 3437 938 3509 snpra
955 3413 1076 3510 capite
1095 3412 1240 3510 quinto,
1261 3415 1349 3488 arti·

299 3527 382 3601 culo
401 3527 543 3601 decimo
560 3527 684 3616 tertio,
700 3527 1043 3618 demonstravimus,
1062 3527 1229 3624 singulos
1253 3529 1349 3602 cives

297 3651 443 3714 tantum
457 3640 551 3736 juris
568 3638 608 3712 in
626 3663 710 3712 eum
726 3639 786 3713 vel
807 3663 881 3730 eos,
900 3639 964 3736 qui
989 3639 1186 3736 imperium
1211 3640 1349 3714 habent

298 3754 469 3842 civitatis,
500 3763 680 3850 quantum
713 3752 914 3826 transferre
943 3762 1157 3848 potuerunt,
1187 3764 1349 3826 transtu-

297 3868 395 3942 lisse.
448 3867 651 3940 Potuenmt
676 3877 801 3940 autem
826 3864 1027 3939 transferre
1045 3867 1106 3961 jus
1124 3865 1348 3939 decernendi

299 3981 345 4054 de
361 3982 472 4055 modo
488 4006 560 4078 quo
573 3980 674 4054 Deus
687 3979 926 4053 honorandus
945 3978 1002 4051 sit.
1054 3978 1154 4074 Ergo
1173 3988 1213 4051 et
1230 3988 1347 4050 trans

298 4095 472 4168 tulerunt.
527 4092 638 4169 Quod
665 4106 790 4167 autem
816 4092 856 4165 id
880 4090 1082 4188 potuerint,
1100 4114 1146 4163 cx
1171 4116 1215 4164 eo
1232 4092 1348 4164 mani-

298 4207 433 4280 festum
447 4217 516 4294 est,
530 4204 630 4303 quod
646 4204 778 4280 modus
795 4204 1002 4279 honorandi
1019 4204 1138 4277 Deum
1157 4217 1245 4278 ante
1263 4227 1346 4277 con-
