2896 4914
302 287 348 354 14
524 347 525 354 Ν
695 303 749 355 ou
769 301 953 358 nonnus.

114 501 213 558 eece,
227 503 265 554 11,
297 469 411 564 jecto,
430 478 468 542 et
483 468 591 557 linea,
609 468 648 541 in
663 479 920 565 qua-movetur
938 468 1126 564 quodlibet
1139 469 1218 565 ejus
1231 458 1346 564 pune·

118 579 259 684 ss
299 591 392 672 tum,
409 603 517 654 axem
534 581 698 679 optieum
714 593 876 671 secante,
891 581 984 658 visio
1008 581 1111 654 nulla
1126 581 1207 654 fieri
1223 592 1347 677 potest

298 694 370 768 nisi
388 695 514 768 oculus
542 695 719 768 continuo
750 718 795 767 ea
817 694 1005 768 celeritate
1027 705 1277 784 eonvertatur,
1304 705 1347 768 ut

265 829 268 837 ·
298 817 440 882 motum
458 808 594 904 objecti
611 818 856 905 consequatur
871 839 881 893 ;
907 808 962 881 ita
977 818 1021 880 ut
1037 808 1115 881 axis
1140 806 1287 904 opticus
1304 809 1343 882 in

298 921 420 1018 ipsum
448 921 588 994 inuidet
603 921 825 1017 haereetque.
878 921 991 1017 Cujus
1020 920 1075 994 rei
1100 943 1211 994 ceusu
1235 945 1282 994 ex
1299 946 1345 996 eo

300 1033 495 1108 manifesta
519 1045 578 1107 est
602 1032 701 1129 quod
730 1055 841 1129 supra
858 1032 1060 1122 docuimus,
1083 1056 1216 1129 nempe
1241 1044 1346 1108 extre

298 1171 406 1220 axem
436 1147 602 1244 optieum
631 1170 779 1220 omnem
796 1145 974 1234 visionem
998 1169 1077 1218 esse
1094 1145 1287 1219 confluam
1309 1157 1346 1220 et

300 1261 469 1350 debilem,
499 1271 580 1334 tum
609 1269 761 1356 propter
790 1258 943 1332 aetionis
970 1257 1237 1355 obliquitatem,
1265 1271 1344 1333 tum

298 1373 459 1449 manime
475 1385 628 1469 propter
640 1372 884 1446 intentionem
898 1371 1011 1444 arrimi
1025 1395 1107 1468 quae
1125 1396 1233 1446 axem
1249 1375 1343 1470 opti-

300 1510 387 1560 oum
403 1510 546 1583 semper
571 1487 779 1559 comitatur.
833 1485 962 1582 Itaque
989 1485 1039 1558 ad
1069 1485 1272 1582 perfectam
1288 1511 1344 1560 re-

298 1623 384 1672 rum
413 1612 598 1674 motarum
624 1599 815 1689 visionem,
843 1607 990 1696 oportet
1017 1621 1161 1695 semper
1178 1601 1344 1674 converti

300 1714 459 1803 oculum,
487 1714 684 1811 aliquando
702 1713 827 1803 etiam,
845 1713 876 1786 si
902 1712 1048 1809 objecta
1072 1735 1187 1808 prope
1214 1713 1290 1786 sint
1307 1725 1345 1786 et

301 1838 403 1902 mota
411 1827 597 1917 velociter,
612 1837 734 1901 totum
752 1840 874 1923 ceput.
927 1826 1000 1900 Sed
1017 1824 1068 1900 ad·
1082 1827 1229 1922 objecta
1238 1826 1344 1900 valde

300 1954 455 2031 remota,
488 1943 560 2015 etsi
585 1941 812 2035 velocissime
835 1951 948 2028 mota,
991 1939 1249 2035 consequenda
1272 1940 1345 2013 exi·

300 2079 395 2150 gnus
406 2055 510 2129 oculi
518 2066 643 2128 motus
661 2054 795 2127 suffieit
811 2064 1031 2150 ;propterea
1046 2053 1146 2150 quod
1162 2077 1287 2126 rerum
1298 2053 1344 2126 ab

301 2159 1068 2264 οοιιίοΙοῑιςθ·(1ἱιεῒειηῐίιιῐιιῙιιοῑιιε,ἰτιιιςιιον
1088 2167 1206 2264 spatio
1224 2178 1345 2240 traus-

299 2281 425 2371 misso,
443 2282 617 2379 exiguum
632 2292 759 2355 tumen
780 2280 821 2354 in
844 2281 950 2355 oculo
967 2280 1110 2354 faciunt
1126 2281 1315 2377 angulum.

304 2457 308 2470 .
350 2394 549 2470 Soieudum
561 2402 827 2491 praetereaest,
852 2393 952 2490 quod
969 2417 1054 2468 oum
1071 2393 1191 2466 omnis
1209 2394 1345 2483 sensio,

297 2507 355 2602 (ut
387 2531 498 2605 supra
522 2507 713 2582 docuimus
744 2529 823 2603 cap.
851 2506 913 2580 De
943 2505 1117 2605 Corpore
1144 2509 1264 2600 xxv.)
1290 2507 1343 2580 sit

300 2632 434 2711 motus,
446 2621 522 2719 qui,
536 2621 880 2719 quantuluscunque
892 2620 953 2695 ille
967 2621 1026 2709 sit,
1039 2620 1120 2694 tolli
1132 2619 1171 2692 in
1183 2621 1346 2694 instante

303 2759 380 2810 non
394 2735 525 2832 possit,
541 2735 742 2832 imaginem
767 2759 850 2831 quae
870 2744 960 2808 nata
976 2743 1095 2806 estex
1110 2733 1252 2808 visione
1269 2758 1345 2808 non

299 2850 426 2924 statim
441 2849 574 2946 perire,
592 2847 723 2922 seded
738 2848 890 2944 aliquod
905 2858 1050 2943 tempus
1068 2845 1201 2920 durare
1215 2847 1345 2920 eadem

302 2964 472 3038 claritate
488 2987 562 3058 qua
577 2962 684 3035 initio
699 2961 782 3050 suit,
809 2961 879 3033 etsi
904 2959 995 3033 illud
1015 2971 1161 3057 tempus
1182 2959 1345 3033 brevius·

303 3075 427 3149 oulum
444 3076 506 3148 sit.

100 3214 251 3265 onosma
350 3199 385 3262 5.
411 3189 468 3262 Ex
483 3188 542 3261 his
556 3189 632 3284 jam
652 3187 758 3261 reddi
775 3187 870 3260 ratio
890 3197 1013 3284 potest
1038 3210 1160 3283 quare·
1175 3186 1345 3259 minutis-

99 3280 282 3402 ssffffisssslffss
298 3302 390 3376 sima
407 3303 565 3398 objecta,
584 3311 686 3374 mota
708 3301 956 3390 vehementer,
974 3300 1142 3397 longiora
1162 3311 1345 3395 apparent

100 3414 213 3468 *ΜΝ
226 3413 285 3453 '¹¹¹²‘
298 3416 416 3489 multo
443 3438 553 3511 quam
577 3424 685 3498 sunt;
711 3414 751 3487 id
768 3412 868 3510 quod
892 3413 1106 3511 contingere
1122 3413 1290 3486 videmus
1306 3414 1344 3486 in

298 3528 503 3604 scintillulis
521 3528 605 3601 foco
629 3527 885 3618 emicantibus,
913 3551 995 3625 quae
1018 3526 1190 3600 videntur
1216 3527 1343 3615 oculis

297 3667 380 3720 non.
389 3653 433 3718 ut
448 3651 589 3740 puncta
603 3641 784 3738 quaedam,
799 3641 895 3714 siout
907 3651 1006 3729 suut,
1020 3640 1085 3714 sed
1097 3641 1219 3737 longae
1236 3640 1345 3714 lineae

297 3759 436 3856 ignitae.
489 3757 593 3830 Idem
612 3755 749 3829 accidit
772 3756 812 3828 in
828 3755 946 3828 velooi
963 3755 1214 3850 cujuscunque
1230 3753 1344 3827 lucidi

297 3872 357 3945 vel
386 3873 480 3944 bene
506 3869 703 3943 illuminati
726 3869 863 3965 objecti
893 3869 1229 3959 circumrotatione‚
1259 3893 1342 3943 cum

298 3984 381 4058 loeo
397 3981 527 4080 puncti
544 3981 710 4056 videmus
728 3981 856 4055 circuli
873 3981 1216 4055 circumferentiam.
1244 3982 1341 4057 Nam

299 4096 331 4170 si
348 4098 484 4193 imago,
503 4107 684 4192 concepte
700 4119 746 4168 ex
762 4105 902 4192 puncto
925 4096 1003 4169 viso
1028 4097 1066 4168 iu
1084 4095 1190 4169 initio
1207 4109 1341 4185 mutue,

298 4209 480 4307 perduret
507 4208 625 4282 donec
649 4208 779 4307 plenus
805 4219 909 4281 motu
934 4210 1013 4303 ejus
1037 4209 1250 4304 perficietur
1275 4211 1343 4282 oir-
