2904 4916
304 298 359 352 nn
387 300 566 356 oruucns
587 300 901 355 ιιιιιιιιιιιιιιιιι.
1068 283 1140 352 305

87 475 288 562 propterea
305 472 406 566 quod
432 473 526 546 alter
552 481 658 568 parta
681 495 748 568 per
772 469 1035 568 parsimoniam
1052 491 1141 542 con·
1172 496 1269 548 sacr.
1283 496 1337 550 ιιι.

88 591 222 669 servat,
240 582 335 656 alter
361 609 428 681 per
451 585 634 659 luxuriam
659 583 824 681 dissipat,
850 583 1008 681 ideoque
1031 584 1142 656 bene·
1181 574 1353 680 L,

87 693 173 766 ficio
190 695 294 789 pacis
320 697 511 792 aequaliter
538 698 745 796 gaudentes.
758 697 917 772 civitatis
932 719 1047 770 onera
1064 720 1141 770 non

87 807 286 904 aequaliter¹
294 811 475 884 sustinere
490 839 499 884 ι
527 822 566 885 et
581 835 627 885 ex
637 810 754 885 altera
762 823 880 908 parte,
895 811 960 884 ubi
975 833 1035 884 res
1052 811 1141 908 ipsae

87 931 276 1012 taxantur,
294 922 347 996 ibi
363 923 627 1020 unusquisque,
645 923 733 997 dnm
750 947 829 998 rem
845 923 1027 1020 privatam
1050 948 1140 997 con-

88 1036 214 1122 sumit,
238 1048 385 1132 partem
404 1037 548 1112 civitati
573 1037 737 1113 debitam
766 1063 834 1135 pro
852 1037 995 1112 ratione
1013 1062 1141 1111 eorum

86 1173 163 1222 non
182 1173 266 1244 quae
292 1151 417 1242 habet,
435 1152 499 1226 sed
524 1176 608 1248 quae
624 1153 802 1226 beneficio
821 1151 981 1225 civitatis
998 1151 1140 1240 habuit,

87 1286 130 1335 eo
156 1263 240 1359 ipso
266 1265 365 1359 quod
395 1289 462 1338 sua
486 1265 682 1356 consumit,
699 1263 1041 1361 imperceptibiliter
1057 1288 1142 1361 per-

87 1376 222 1449 solvit:
242 1377 414 1458 ¹dubium
448 1377 604 1474 amplius
629 1401 707 1451 non
737 1389 792 1452 est
827 1378 915 1474 quin
948 1378 1051 1473 prior
1079 1379 1141 1451 ille

87 1491 219 1564 modus
253 1492 428 1587 pecunias
461 1491 667 1588 imperandi
694 1503 823 1569 contra
849 1491 1071 1587 aequitatem,
1103 1501 1142 1563 et

86 1606 244 1700 proinde
258 1618 390 1680 contra
406 1607 567 1680 officium
583 1607 844 1703 imperantium
863 1605 932 1690 sit;
958 1603 1142 1701 posterior

87 1731 213 1793 autem
231 1720 367 1792 rationi
384 1731 423 1793 et
440 1721 560 1795 officio
579 1743 708 1794 eorum
724 1729 1004 1794 consentaneus

95 1843 199 1906 12.
226 1833 366 1924 Tertio,
385 1835 531 1908 officere
544 1859 628 1931 paci
616 1833 800 1931 publioae
818 1833 977 1907 diximus
990 1831 1220 1940 aegritu-m
1124 1830 1327 1941 ..Adaeum

88 1945 214 2019 dinem
231 1946 346 2020 animi
345 1973 457 2044 ,quae
473 1949 592 2022 oritur
609 1971 656 2021 ex
673 1946 884 2020 ambitione.
930 1946 1026 2019 Sunt
1043 1943 1197 2018 enimcon
1154 1962 1254 2006 cono
1246 1897 1348 2015 ἰἰᾱιιᾱι-

89 2061 163 2156 qui,
183 2084 269 2132 cum
286 2060 356 2133 sibi
372 2083 450 2156 prae
473 2061 616 2134 caeteris
644 2083 771 2157 sapere
799 2071 838 2134 et
861 2060 980 2189 magis
1003 2057 1052 2132 ad
1083 2081 1141 2130 res
1154 2027 1221 2072 ‘³⁰⁸⁰'
1230 2041 1340 2086 ‘'m''

88 2173 270 2302 gerendas
293 2171 418 2247 idonei
444 2173 651 2266 videantur,
670 2198 781 2272 quam
807 2173 835 2248 ii
861 2199 925 2271 qm
913 2170 1141 2268 rempubli-

88 2311 171 2360 cam
181 2311 221 2360 ιιι
233 2286 429 2383 praesentra
441 2286 724 2374 adm1n1strant;
750 2288 868 2362 virtus
882 2311 950 2360 sua
963 2295 1142 2384 quantum

88 2400 232 2473 civitati
241 2401 417 2497 prodesse
430 2413 555 2497 queat,
571 2401 719 2496 quando
734 2402 843 2474 aliter
860 2399 1055 2475 ostendere
1065 2424 1141 2473 non

87 2524 255 2609 possunt,
274 2513 475 2588 ostendunt
488 2514 668 2588 nocendo.
723 2515 908 2590 Quoniam
921 2523 1045 2588 autem
1060 2513 1141 2587 tolli

88 2627 288 2706 exanimis
315 2628 508 2702 hominum
530 2629 683 2702 ambitio
711 2637 749 2702 et
775 2629 959 2702 honorum
984 2627 1140 2700 aviditas

88 2766 165 2816 non
182 2752 320 2839 potest,
342 2742 451 2815 officii
467 2742 730 2839 imperantium
747 2766 823 2816 non
840 2753 957 2814 estut
974 2741 1013 2813 in
1029 2741 1070 2814 id
1085 2741 1141 2812 in·

89 2858 278 2930 cumbant.
329 2857 489 2930 Possunt
505 2869 631 2931 autem
644 2857 879 2953 praemiorum
893 2867 932 2930 et
944 2876 1139 2951 poenarum

88 2971 277 3044 constanti
311 2971 556 3067 applicatione
589 2971 723 3061 facere,
751 2979 795 3044 ut
824 2969 992 3043 homines
1021 2967 1141 3040 sciant

86 3086 183 3159 viam
202 3084 252 3158 ad
267 3085 425 3164 honores
442 3109 519 3158 non
537 3109 616 3160 esse
632 3109 700 3181 per
716 3084 1025 3182 vituperationem
1042 3081 1140 3178 regi-

87 3199 196 3272 minis
212 3199 420 3295 praesentis,
446 3223 567 3297 neque
584 3223 651 3296 per
667 3199 847 3274 factiones
865 3209 904 3271 et
921 3221 1049 3270 auram
1074 3220 1140 3292 po-

86 3314 278 3410 pularem;
306 3312 371 3386 sed
397 3337 465 3410 per
492 3313 688 3389 contraria.
741 3313 822 3386 Viri
852 3311 941 3386 boni
958 3321 1056 3401 sunt,
1076 3310 1140 3406 qui

86 3427 256 3500 consulta
271 3437 431 3522 patrum,
450 3429 513 3525 qui
531 3428 630 3525 leges
657 3429 816 3524 juraque
844 3437 1002 3500 servant.
1046 3425 1138 3502 ,llos

86 3542 114 3614 si
130 3539 336 3615 honoribus
354 3541 490 3631 ornari,
508 3541 681 3616 factiosos
697 3565 786 3614 vero
814 3542 861 3614 ab
883 3540 939 3628 iis,
959 3541 1022 3636 qui
1040 3562 1138 3612 sum-

84 3681 145 3728 ma
154 3654 313 3751 imperia
322 3654 591 3746 administrant,
602 3655 726 3752 puniri
736 3665 774 3728 et
784 3654 988 3728 contemtui
997 3651 1137 3739 haberi,

86 3767 273 3842 constanti
289 3780 418 3841 tenore
434 3767 654 3860 videremus,
667 3768 821 3864 parendi
838 3793 948 3864 quam
966 3763 1138 3839 obstandi

85 3885 206 3979 major
223 3882 376 3955 ambitio
391 3894 498 3956 esset.
550 3883 699 3956 Accidit
717 3894 841 3957 tamen
855 3878 1064 3978 aliquando,
1081 3889 1135 3966 ut,

85 3996 182 4070 sicut
217 4019 312 4091 equo
345 4007 499 4092 propter
528 3997 716 4088 ferociam,
745 3997 799 4070 ita
826 3994 897 4069 civi
928 3990 1137 4068 contumaci

84 4118 239 4208 propter
266 4111 472 4205 potentiam
488 4110 752 4186 blandiendum
770 4111 829 4186 sit.
883 4108 957 4182 Sed
979 4106 1137 4181 utillud

187 4245 287 4298 von.
306 4245 352 4297 11.
1006 4243 1037 4295 x
