2904 4916
311 277 365 330 nu
386 279 528 332 naono
550 277 622 332 orn
643 277 724 332 run
743 281 961 333 nnrunnn.
1087 264 1159 346 ³³7

101 446 376 544 providentiam
393 450 690 547 agnoscentibus,
703 475 774 526 non
788 475 870 526 erse
881 448 1158 525 calcitrandanr
1189 483 1286 548 supr,
1300 485 1352 536 111.

104 571 243 634 contra
261 562 459 637 stimulam.
1198 563 1344 666 L

158 683 193 748 8.
227 674 413 752 Quoniam
447 677 596 751 verbam
631 677 710 752 Dei
738 701 806 774 per
840 690 1013 752 naturam
1040 675 1158 751 solam
1172 699 1342 778 agauno·

103 789 308 884 regnantis,
348 789 448 863 aliud
481 814 557 864 non
592 791 812 888 supponitur
843 803 980 889 praeter
1017 799 1159 863 rectam
1170 764 1344 888 ffiffl'

103 900 311 988 rationem;
338 901 438 998 leges
456 915 579 977 autem
596 927 727 1000 regum
745 905 791 979 ab
806 928 934 978 eorum
950 902 1062 978 aerbo
1080 902 1158 976 solo
1171 895 1372 1018 ffiffiffl

103 1015 282 1110 cognosci
306 1024 486 1112 possunt;
516 1016 750 1090 manifestum
780 1029 836 1090 est
862 1017 962 1114 leges
985 1016 1066 1106 Dei,
1093 1026 1267 1112 perseus
1276 1029 1335 1069 Μ’·

102 1127 222 1200 solam
233 1139 404 1202 naturam
414 1129 613 1225 regnanti,
625 1130 721 1203 solas
732 1153 812 1204 esse
823 1129 930 1230 leges
940 1128 1138 1203 naturales
1144 1156 1159 1213 ,·

102 1264 238 1337 nempe
249 1241 340 1331 illas,
352 1265 443 1338 quas
456 1243 638 1338 capitibus
653 1243 815 1317 secundo
828 1255 865 1317 et
882 1242 993 1317 tertio
1008 1266 1158 1315 enume-

102 1354 279 1442 ravimus,
297 1366 336 1428 et
372 1379 395 1428 a
423 1355 575 1429 rationis
604 1355 751 1430 dictatis
778 1355 1009 1444 deduximus,
1041 1354 1159 1428 nami-

103 1467 266 1557 litatem,
285 1467 512 1566 nequitatem,
534 1468 740 1564 justitiam,
758 1469 1070 1559 misericordiam,
1088 1493 1158 1542 cae·

102 1592 279 1675 terasque
295 1580 455 1654 virtutes
470 1579 632 1654 ramulae
642 1581 760 1680 pacis
778 1581 1058 1671 conciliatrices,
1074 1605 1157 1678 quae

102 1692 295 1789 pertinent
320 1693 369 1766 ad
397 1693 517 1768 officia
542 1693 733 1767 hominum
751 1719 840 1791 erga
856 1719 896 1768 se
912 1695 1092 1780 inviccm;
1120 1705 1158 1768 et

103 1805 200 1896 illae,
233 1829 323 1902 quas
349 1806 445 1880 ratio
473 1816 576 1880 recta
604 1807 800 1881 dictaverit
830 1819 1022 1904 praeterea‚
1058 1807 1158 1881 circa

103 1919 284 1992 honorem
309 1930 347 1993 et
372 1921 510 1994 cultum
537 1919 671 1994 divinae
694 1919 909 2016 majestatis.
963 1921 1058 1996 Quae
1084 1920 1158 1994 sint

104 2031 178 2105 illae
197 2031 304 2130 leges
321 2031 531 2122 naturales,
551 2032 626 2105 sive
644 2033 803 2106 cirratas
820 2031 995 2124 morales,
1010 2057 1084 2106 non
1102 2047 1158 2109 est

104 2167 199 2241 opus
216 2156 394 2241 repetere.
448 2145 551 2220 Quos
567 2145 726 2218 honores
743 2156 881 2232 autem,
900 2156 937 2220 et
955 2171 1065 2244 quem
1083 2147 1159 2221 cul·

105 2270 188 2332 tum
207 2257 384 2348 divinum,
402 2258 441 2331 id
459 2267 526 2347 est,
546 2282 636 2354 quas
651 2257 758 2358 leges
774 2282 911 2332 sacras
935 2259 1063 2333 eadem
1081 2259 1158 2335 dic-

105 2381 162 2446 tet
180 2371 283 2444 ratio
301 2370 505 2462 nataralia,
522 2372 723 2445 videndum
741 2385 809 2446 est.

156 2493 194 2558 9.
223 2485 392 2574 Honon,
423 2484 574 2583 proprie
607 2484 805 2580 loquendo,
837 2485 930 2558 nihil
965 2485 1066 2559 aliud
1101 2498 1156 2561 est
1170 2493 1281 2536 nane

105 2622 220 2694 quam
238 2597 362 2693 opinio
380 2597 508 2672 alienae
519 2599 706 2696 potentia
727 2600 934 2695 conjunctae
952 2625 1037 2672 cum
1056 2600 1157 2674 boni·
1170 2557 1307 2618 mmm
1319 2561 1369 2602 “¹¹²

106 2720 201 2784 tate.
253 2711 302 2784 Et
327 2709 514 2784 honorare
534 2709 705 2806 aliquem,
725 2710 823 2782 idem
841 2723 897 2784 est
915 2712 1014 2808 quod
1031 2714 1157 2808 magni

105 2823 303 2898 aestimare.
354 2823 402 2895 Et
428 2823 480 2896 sic
506 2823 624 2896 honor
650 2847 725 2896 non
752 2823 790 2897 in
814 2823 1009 2915 honorato,
1027 2825 1091 2898 sed
1117 2825 1157 2900 in

105 2938 314 3011 honorante
331 2946 399 3009 eet.
452 2935 643 3010 Honorem
660 2947 783 3009 autem
802 2936 840 3010 in
858 2937 1030 3034 opinione
1044 2939 1156 3012 situm

104 3059 383 3148 consequuntur
407 3050 614 3124 necessario
639 3060 715 3124 tres
741 3052 914 3125 affectus:
948 3076 1065 3143 arnor,
1093 3053 1155 3149 qui

104 3163 153 3236 ad
184 3162 385 3236 bonitatem
397 3189 412 3246 ;
442 3187 530 3262 spes
558 3176 597 3235 et
625 3163 747 3252 tirnor,
778 3165 843 3259 qui
874 3163 1156 3264 adpetentiam

104 3277 329 3350 referuntur.
381 3277 437 3348 Ex
465 3277 523 3350 his
553 3289 678 3350 autem
705 3277 876 3352 oriuntur
903 3280 1067 3353 actiones
1093 3304 1156 3354 ex-

105 3402 236 3480 ternae,
249 3390 380 3485 quibus
390 3399 559 3487 potentes
572 3390 710 3487 placari
724 3402 762 3464 et
770 3391 920 3488 propitii
932 3393 1012 3466 fieri
1026 3391 1156 3484 solent,

106 3515 145 3579 et
176 3528 259 3601 quae
288 3514 374 3576 sunt
403 3503 517 3601 ipsius
548 3504 696 3578 honoris
732 3506 896 3596 effectus,
928 3505 1084 3603 ideoque
1119 3519 1157 3579 et

106 3619 216 3713 signa
234 3616 429 3689 naturalia.
483 3617 556 3689 Sed
574 3641 709 3690 nomen
726 3617 843 3690 honor
860 3619 1082 3692 translatum
1100 3632 1157 3693 est

108 3730 285 3804 etiamad
302 3732 454 3804 effectus
469 3730 550 3803 illos
564 3732 714 3805 honoris
730 3743 900 3806 externos
913 3763 922 3816 ;
951 3757 1023 3828 quo
1036 3755 1156 3822 sensu,

107 3845 298 3919 honorare
315 3867 399 3916 eum
413 3843 582 3931 dicimur,
598 3844 643 3916 de
661 3847 765 3941 cujus
782 3845 951 3941 potentia
967 3855 1157 3934 testamur,

106 3957 231 4032 verbis
243 3957 303 4031 vel
315 3955 433 4047 factis,
448 3979 516 4030 nos
528 3957 677 4054 egregie
691 3958 827 4031 sentire
840 3989 849 4042 ;
874 3968 918 4030 ut
931 3957 1047 4030 honor
1060 3956 1158 4032 idem

108 4072 157 4145 sit
176 4070 276 4168 quod
295 4070 429 4144 caitae.
483 4071 648 4146 Currus
663 4083 787 4144 autem
798 4083 855 4144 est
867 4082 972 4144 actus
986 4083 1159 4144 externus

108 4185 261 4261 honoris
285 4185 423 4259 interni
450 4185 607 4282 signum.
659 4187 707 4259 Et
733 4209 825 4283 quos
851 4183 980 4259 officiis
998 4185 1157 4281 placare,

209 4320 304 4373 von.
324 4320 370 4373 11.
1035 4321 1057 4372 z
