2918 4912
160 331 216 382 nn
235 330 343 384 runa
362 329 477 399 nans,
497 329 568 384 cur
589 329 775 385 sunnon
796 329 1025 383 ruenrunn.
1065 313 1139 391 217

94 495 314 569 multitudo·
332 493 421 592 quid
445 496 516 580 sit;
555 495 727 569 nimirum
745 496 845 594 quod
861 520 937 570 non
960 494 1008 568 sit
1035 520 1143 568 onom
1171 527 1266 578 sper.
1282 527 1335 578 nr.

94 608 245 705 aliquid,
271 608 336 682 sed
359 607 483 704 plures
514 608 691 699 homines,
716 633 872 705 quorum
889 609 1140 704 unusqn'sque
1181 603 1323 708 „L

95 745 200 795 suam
226 722 342 794 habet
362 721 431 794 sibi
447 721 685 809 voluntatem,
704 732 742 795 et
768 745 875 794 suum
898 722 998 797 circa
1015 747 1102 796 omn
1118 719 1352 844 affiefflffpgffg

93 834 337 932 proponenda
349 834 541 930 judicium.
583 835 633 906 Et
649 834 827 931 siquidem
844 857 911 930 per
928 847 1139 910 contractus
1152 847 1354 909 intumuerit
1444 843 1445 924 l

1152 915 1214 959 latim
1241 928 1354 960 conmone-

93 948 335 1045 particulares
352 947 486 1044 singuli
503 971 609 1020 suum
635 947 704 1020 sibi
726 947 887 1022 habeant
911 951 1030 1045 juset
1054 973 1212 1046 pro-mi

132 1217 151 1255 ⁸
165 1211 338 1282 Multitudo,
353 1213 421 1288 etc]
444 1211 586 1271 Doctrina
599 1213 635 1270 de
649 1211 771 1270 civitatis
785 1213 813 1270 in
825 1214 902 1272 cives
916 1221 1064 1290 potestate,
1079 1220 1141 1272 tota

93 1306 154 1363 sere
168 1304 341 1380 dependeta
354 1304 518 1379 cognitione
531 1303 707 1372 differentiae,
717 1323 782 1381 qum
793 1305 918 1362 estinter
928 1305 1141 1364 multitudinem

93 1397 244 1455 hominnm
258 1414 324 1472 quae
337 1397 419 1472 ragit,
434 1403 463 1452 et
476 1414 540 1453 earn
565 1413 631 1471 quae
649 1397 765 1472 regitur.
807 1395 851 1456 Ea
864 1398 938 1454 anim
954 1397 1076 1455 civitatis
1091 1415 1141 1456 na·

94 1497 160 1546 tura
173 1496 226 1556 est,
241 1497 274 1544 ut
288 1487 393 1545 civium
406 1486 560 1544 multitudo
574 1487 634 1544 aive
647 1496 836 1564 aggregatum
845 1506 901 1545 non
913 1489 999 1546 modo
1010 1489 1142 1564 imperet,

94 1581 248 1638 sedetiam
262 1579 414 1655 imperanti
427 1578 614 1656 subjiciatur:
634 1577 684 1634 sed
698 1578 754 1635 alio
768 1587 854 1653 atque
867 1578 924 1636 alio
934 1597 1027 1636 sensu.
1047 1579 1142 1644 Quam

94 1672 288 1731 differentiam
302 1671 330 1728 in
344 1672 437 1747 primo
452 1670 506 1727 hoc
526 1669 647 1728 articulo
668 1671 736 1728 satis
749 1671 920 1746 explicatam
934 1689 994 1728 esse
1015 1669 1143 1728 credide·

94 1783 166 1822 ram.
188 1763 342 1821 Verumex
351 1763 506 1820 multorum
520 1771 621 1820 contra
630 1779 665 1820 ea
678 1781 743 1838 qum
757 1771 916 1838 sequuntur
926 1763 1143 1842 objectionibus,

94 1857 178 1914 aliter
199 1874 261 1914 esse
288 1855 389 1914 sentio.
427 1855 530 1931 Itaque
554 1854 694 1912 uberioris
721 1855 918 1930 explicationis
944 1873 1030 1914 causa
1052 1873 1146 1931 pauca

94 1947 157 2004 haec
171 1946 297 2022 adjicere
310 1947 402 2004 visum
416 1955 468 2004 est.

134 2037 306 2104 Multitudo,
330 2039 398 2114 quia
421 2057 477 2096 vox
497 2037 647 2096 collectiva
667 2045 718 2106 est,
733 2037 894 2114 significare
916 2039 1083 2116 intelligitur
1100 2059 1146 2097 res

94 2131 200 2207 plures,
215 2139 249 2187 nt
263 2131 410 2187 bominum
425 2128 578 2188 multitudo
593 2130 668 2187 idern
682 2129 719 2186 sit
732 2129 811 2206 quod
825 2130 906 2188 multi
920 2131 1059 2190 homines.
1080 2131 1145 2190 Vox

96 2224 205 2292 eadem,
221 2222 290 2299 quia
304 2223 413 2280 numeri
434 2229 478 2281 est
496 2221 656 2298 singularis,
679 2241 766 2280 unam
789 2241 849 2280 rem
873 2223 1025 2297 significat,
1044 2243 1146 2300 nempe

96 2334 182 2373 unam
211 2314 435 2372 multitudinem.
489 2315 531 2372 At
554 2321 656 2372 neutro
681 2315 767 2372 modo
796 2315 964 2392 intelligitur
991 2315 1145 2373 multitudo

97 2408 203 2465 habere
217 2425 306 2464 unam
320 2407 496 2464 voluntatem
509 2425 528 2464 a
544 2413 647 2464 natura
660 2405 765 2474 datam,
779 2407 829 2464 sed
842 2407 915 2464 alius
928 2407 1022 2466 aliam.
1042 2407 1145 2483 Neque

98 2517 165 2576 ergo
189 2499 374 2556 attribuenda
396 2498 437 2555 illi
457 2505 501 2556 est
522 2515 579 2555 nna
603 2498 687 2566 actio,
702 2517 882 2574 quaecunque
903 2517 937 2556 ea
958 2501 1004 2558 sit.
1043 2499 1145 2576 Itaque

97 2593 274 2666 promittere,
289 2592 404 2666 pacisci,
424 2590 472 2668 jus
493 2591 650 2666 acquirere,
668 2589 717 2666 jus
731 2589 892 2658 transferre,
907 2591 1012 2658 facere,
1030 2589 1146 2671 babere,

97 2683 253 2758 possidere,
268 2691 298 2740 et
310 2682 421 2750 similia,
435 2681 589 2738 multitudo
603 2700 659 2739 non
671 2689 773 2757 potest,
787 2682 840 2739 nisi
854 2683 998 2760 sigillatim
1006 2683 1065 2740 sive
1078 2684 1145 2740 viri-

98 2776 156 2844 tim,
168 2783 203 2832 ut
215 2775 274 2831 sint
286 2775 434 2850 promissa,
449 2783 542 2850 pacta,
552 2772 626 2850 jura,
640 2775 776 2838 actiones,
787 2781 831 2832 tot
844 2783 915 2850 quot
928 2784 995 2832 sunt
1007 2774 1145 2832 homines·

99 2865 284 2942 Quapropter
297 2863 450 2922 multitudo
464 2881 586 2940 persona
599 2863 735 2922 naturalis
746 2883 803 2922 non
818 2874 869 2922 est.
891 2864 1145 2924 Caeternmeadem

99 2957 262 3024 multitudo,
275 2956 300 3012 si
316 2957 421 3013 viritim
444 2956 634 3032 paciscantur,
656 2953 717 3013 fore
740 2965 773 3013 ut
786 2957 871 3013 nnius
890 2956 1010 3032 alicujus
1023 2957 1145 3015 bominis

100 3050 239 3117 voluntas,
255 3048 301 3105 vel
321 3047 435 3124 majoris
457 3047 547 3123 partis
560 3047 688 3122 ipsorum
702 3047 862 3104 voluntates
875 3056 1072 3106 consentanea
1093 3067 1146 3124 pro

101 3142 249 3199 voluntate
273 3139 402 3197 omnium
422 3139 589 3206 habeantur,
610 3146 680 3195 tunc
702 3157 824 3215 persona
845 3158 903 3197 una
922 3139 971 3198 fit:
1000 3140 1146 3199 voluntate

101 3234 175 3291 anim
183 3232 306 3310 praedita
315 3239 366 3300 est,
376 3230 499 3307 ideoque
512 3231 639 3288 actiones
650 3229 745 3288 iacere
753 3239 847 3307 potest
856 3232 1039 3301 voluntarias,
1048 3233 1146 3308 quales

101 3335 164 3383 sunt
189 3326 341 3400 imperare,
364 3324 441 3400 leges
468 3322 601 3390 condere,
621 3321 670 3400 jus
697 3324 845 3399 acquirere
872 3331 902 3382 et
928 3324 1091 3390 transferre,
1117 3331 1147 3382 et

103 3425 223 3485 caetera3
245 3425 274 3474 et
287 3416 410 3492 populus
423 3415 528 3490 saepius
541 3432 629 3490 quam
642 3413 796 3472 multitudo
807 3414 920 3472 dicitur.
960 3414 1146 3492 Distinguen-

103 3509 169 3566 dum
182 3511 282 3585 itaque
295 3508 336 3566 sic
350 3515 411 3578 est;
430 3525 483 3583 per
490 3506 628 3583 populum
640 3506 685 3564 vel
695 3503 917 3575 multitudinem,
928 3509 1041 3584 quoties
1053 3510 1145 3583 ipsam

103 3601 209 3677 aliquid
222 3597 304 3668 velle,
319 3600 468 3674 imperare,
482 3597 526 3654 vel
538 3597 632 3654 facere
643 3597 773 3667 dicimus,
787 3597 955 3675 intelligitur
968 3599 1067 3657 civitas
1080 3618 1145 3676 quos

103 3693 232 3769 imperat,
247 3691 309 3748 vult
323 3699 351 3748 et
365 3691 425 3766 agit
437 3708 489 3765 per
502 3689 679 3746 voluntatem
702 3690 786 3746 unius
808 3690 941 3756 hominis,
955 3691 999 3748 vel
1022 3709 1074 3766 per
1097 3709 1146 3748 vo·

103 3784 225 3842 luntates
238 3784 365 3860 plurium
387 3783 535 3840 bominum
549 3790 773 3841 consentaneasr
793 3782 872 3859 quod
892 3783 946 3840 nisi
959 3783 988 3839 in
1003 3790 1145 3840 conventu

104 3877 164 3935 fieri
177 3877 287 3952 nequit
328 3874 448 3940 Quoties
467 3881 562 3932 antem
576 3891 594 3930 a
607 3873 789 3932 multitudine
803 3875 950 3932 bominum
964 3875 1023 3931 siva
1042 3892 1147 3951 magna

105 3970 161 4026 sive
185 3986 275 4044 parva
287 3965 395 4041 aliquid
420 3965 483 4022 fieri
506 3965 612 4023 dicitur
628 3966 689 4023 sine
710 3965 856 4024 voluntate
877 3965 952 4023 illius
964 3965 1087 4024 hominis
1100 3965 1146 4023 vel

106 4068 271 4124 conventus,
285 4059 314 4116 id
328 4057 436 4116 factum
451 4076 510 4114 esse
525 4075 542 4114 a
556 4057 662 4134 populo
675 4058 800 4124 subdito,
814 4058 905 4126 idest,
921 4056 1048 4116 amultis
1061 4057 1145 4114 simul

107 4152 214 4209 civibus
227 4150 427 4226 singularibus,
442 4168 536 4226 neque
549 4169 585 4208 ex
601 4168 659 4207 una
669 4150 823 4219 voluntate,
832 4150 882 4208 aed
896 4169 932 4208 ex
941 4149 1071 4225 pluribus
1078 4168 1145 4226 pro·

106 4245 200 4302 venire
209 4243 335 4320 plurium
346 4242 502 4312 hominurn,
513 4243 563 4319 qni
572 4244 648 4301 cives
655 4251 723 4302 sunt
732 4251 761 4301 et
768 4243 883 4314 subditi,
894 4243 993 4301 civitas
1002 4261 1059 4302 non
1069 4249 1145 4300 sunt.
