2828 4912
324 274 392 343 160
754 289 967 344 urnnnras.

124 487 220 540 saca,
235 488 287 542 111,
316 451 582 540 traducuntur,
608 478 727 555 neque
752 455 916 552 parcitur
936 455 1100 552 ipsismet
1119 451 1346 530 confabulan-

135 565 277 670 ,Δρ
316 565 424 656 tibus,
452 566 540 664 quin
566 567 663 642 idem
688 569 874 666 patiantur
899 569 1116 665 simulatque
1137 591 1159 641 a
1180 589 1345 641 concessu

106 678 506 814 ffifffflffleriml
520 682 612 756 adeo
634 693 677 756 ut
699 707 774 757 non
802 682 999 758 absurdum
1025 682 1137 756 fixerit
1164 679 1345 755 consilium

106 835 258 878 mmmm,
292 781 407 890 ‘ejus
437 793 500 890 qui
517 817 540 867 a
558 817 669 869 scena
686 795 997 870 confabulantium
1015 795 1113 870 exire
1136 792 1345 868 novissimus

317 905 467 980 solebat.
518 906 640 1005 Atque
668 908 726 984 hae
752 933 848 984 verae
875 921 962 984 sunt
988 907 1128 984 deliciae
1157 907 1344 996 societatis,

316 1015 364 1090 ad
382 1041 471 1115 quas
488 1029 631 1110 natura,
649 1021 688 1094 id
705 1033 772 1110 est,
790 1023 836 1096 ab
854 1021 1045 1096 affectibus
1063 1018 1163 1094 omni
1176 1017 1345 1094 animanti

316 1130 435 1206 insitis
452 1130 616 1224 ferimur,
630 1132 747 1207 donec
760 1133 989 1208 nocumentis
1001 1131 1061 1207 vel
1073 1131 1267 1229 praeceptis
1277 1133 1344 1220 fiat,

317 1243 417 1341 quod
425 1243 464 1317 in
474 1245 598 1320 multis
608 1269 794 1343 nunquam
805 1247 860 1337 fit,
870 1258 914 1320 ut
924 1245 1107 1342 appetitus
1117 1243 1346 1342 praesentium

317 1357 493 1431 memoria
524 1359 795 1455 praeteritorum
829 1359 1069 1433 retundatur:
1109 1357 1190 1436 sine
1224 1356 1346 1454 quibus

318 1469 556 1566 plurimorum
586 1470 776 1546 hominum
803 1472 842 1546 in
868 1471 1022 1546 materia
1046 1471 1115 1546 hac
1138 1469 1345 1544 facundissi-

316 1605 461 1656 morum
478 1582 612 1680 frigida
635 1595 672 1658 et
693 1585 820 1681 jejuna
842 1595 898 1658 est
922 1583 1050 1659 oratio.
1104 1583 1216 1660 cuod
1239 1583 1271 1658 si
1294 1607 1345 1656 ao-

317 1693 416 1770 eidat
439 1695 669 1770 considentes
692 1695 899 1771 historiolae
925 1719 1086 1785 narrare,
1111 1717 1207 1768 uuus
1231 1707 1346 1770 autem

318 1832 445 1884 eorum
461 1809 507 1884 de
527 1833 566 1884 se
588 1809 747 1907 aliquam
767 1810 941 1908 proferat,
969 1809 1219 1908 unusquisque
1245 1819 1346 1882 caete

318 1947 442 1996 rorum
460 1923 691 2020 'cupidissime
709 1947 853 2021 quoque
877 1921 922 1997 de
946 1946 984 1997 se
1006 1922 1182 2019 loquitur;
1210 1921 1241 1996 si
1258 1943 1344 1994 unus

317 2035 482 2110 mirabile
499 2036 647 2134 aliquod
659 2047 795 2128 narret,
814 2035 937 2111 caeteri
954 2034 1140 2124 miracula,
1156 2035 1187 2109 si
1204 2035 1345 2122 habent,

316 2147 505 2232 referunt;
545 2148 576 2222 si
604 2173 680 2223 non
710 2148 858 2240 habent,
889 2148 1046 2246 fingunt.
1114 2147 1284 2244 Denique
1310 2159 1346 2222 ut

319 2260 448 2357 loquar
465 2260 511 2335 de
527 2261 572 2336 iis
590 2262 653 2359 qui
668 2264 887 2359 profitentur
902 2283 980 2359 prae
997 2261 1139 2336 caeteris
1157 2283 1297 2358 sapere,
1320 2259 1345 2332 si

318 2372 556 2471 philosophiae
572 2374 693 2470 gratia
709 2384 869 2464 coeatur,
897 2385 988 2470 quot
1009 2373 1174 2448 homines
1193 2384 1252 2448 tot
1268 2383 1346 2447 sunt

320 2487 382 2582 qui
400 2497 551 2560 caeteros
566 2487 710 2576 docent,
737 2509 868 2583 nempe
886 2497 944 2560 tot
959 2485 1088 2560 volunt
1104 2486 1273 2584 magistri
1288 2487 1345 2558 ha-

318 2600 413 2686 beri;
431 2598 565 2697 alioqui
576 2600 693 2674 socios
709 2623 784 2674 non
800 2598 922 2690 modo,
936 2609 978 2673 ut
994 2599 1066 2688 alii,
1079 2622 1156 2672 non
1172 2621 1213 2672 se
1230 2607 1347 2672 amant

318 2727 458 2806 mutuo,
484 2714 549 2789 sed
573 2713 657 2788 odio
683 2723 962 2811 prosequuntur.
1014 2711 1161 2787 Clarum
1187 2711 1280 2786 adeo
1297 2721 1346 2784 est

318 2828 543 2927 experientia
556 2827 735 2917 omnibus,
758 2826 895 2923 quires
912 2825 1088 2899 humanas
1105 2824 1217 2922 paulo
1234 2835 1346 2898 atten-

316 2942 389 3017 tius
404 2941 646 3032 considerant,
661 2939 759 3038 quod
773 2962 988 3037 congressus
999 2937 1116 3012 omnis
1130 2949 1345 3036 spontaneus

317 3056 375 3130 vel
392 3065 553 3153 egestate
570 3066 698 3128 mutua
714 3052 940 3141 conciliatur,
953 3051 1011 3127 vel
1025 3050 1210 3149 captanda
1218 3051 1344 3148 gloria:

317 3167 416 3242 unde
432 3167 568 3242 referre
585 3168 736 3241 student
749 3165 1027 3262 congredientes
1044 3164 1103 3240 vel
1119 3163 1347 3238 commodum

318 3281 476 3378 aliquod,
502 3280 560 3355 vel
582 3279 671 3355 illud
694 3280 872 3374 ευδοκιμεῐν,
896 3278 1204 3353 existimationem
1228 3289 1266 3352 et
1286 3277 1346 3350 ho-

317 3418 445 3469 norem
462 3393 559 3491 apud
576 3393 703 3468 socios.
737 3391 839 3466 Idem
856 3416 1001 3490 quoque
1014 3391 1156 3466 ratione
1170 3389 1346 3487 colligitur

318 3531 363 3581 ex
392 3507 478 3605 ipsis
513 3506 783 3602 definitionibus
816 3505 1029 3596 voluntatis,
1061 3503 1157 3596 doni,
1190 3503 1345 3589 tonate,

317 3620 435 3696 utilis.
487 3620 582 3694 Cum
599 3620 695 3694 enim
712 3619 866 3694 societas
882 3617 1087 3693 voluntario
1100 3617 1345 3701 contrahatur,

316 3734 355 3809 in
374 3734 474 3809 omni
487 3734 660 3808 societate
671 3733 846 3831 quaeritur
858 3731 1056 3808 voluntatis
1069 3730 1265 3827 objectum,
1280 3728 1345 3801 hoc

318 3858 385 3940 est,
424 3846 463 3921 id
496 3846 594 3945 quod
627 3846 773 3921 videtur
806 3845 1002 3943 uuicuique
1036 3841 1344 3940 congredientium

317 3961 454 4040 bonum
471 3961 550 4036 sibi.
603 3959 788 4057 Quicquid
812 3971 935 4033 autem
959 3957 1105 4032 videtur
1120 3957 1269 4044 bonum,
1289 3953 1345 4050 ju·

318 4075 480 4158 cundum
496 4085 561 4164 est,
576 4072 807 4171 pertinetque
825 4071 873 4146 ad
886 4094 1025 4168 organa
1040 4068 1097 4145 vel
1110 4068 1158 4143 ad
1176 4069 1343 4142 animum.

318 4187 441 4272 Animi
468 4200 601 4268 autem.
617 4186 784 4284 voluptas
811 4185 929 4260 omnis
952 4183 1011 4259 vel
1035 4182 1155 4281 gloria
1179 4193 1247 4271 est,
1274 4179 1344 4254 sive

317 4301 411 4383 bene
444 4301 586 4399 opinari
619 4300 665 4375 de
698 4299 827 4396 seipso,
867 4297 924 4374 vel
958 4295 1005 4371 ad
1035 4295 1191 4394 gloriam
1218 4291 1341 4368 ultimo
