2904 4916
330 301 404 370 310
730 315 961 374 manarunt.

117 521 230 574 ‚sm
241 518 293 574 111,
325 484 553 585 praesoripta,
570 481 637 560 aed
652 483 849 559 arbitraria
858 485 904 560 ab
921 483 1039 576 initio,
1056 481 1305 560 determinata
1319 497 1373 562 est

143 599 287 708 ,ᾖ
327 607 456 698 postea
484 621 551 696 per
578 597 810 697 punitionem
835 598 946 697 primi
973 597 1232 696 delinquentis,
1254 599 1373 698 (aque

306 707 308 712 ’
328 714 427 790 enim
439 712 753 810 transgredientes
764 712 954 811 aequaliter
966 711 1090 810 puniri
1102 713 1373 811 jubetaequitas

327 824 536 923 naturalis),
560 826 614 901 ibi
639 850 799 924 poenam,
830 849 941 926 quam
966 848 1049 922 quae
1076 826 1159 924 lega
1187 828 1373 920 definitur,

327 943 506 1038 majorem
522 939 681 1039 exigere,
708 951 839 1016 contra
854 941 976 1039 legam
991 950 1135 1016 natmae
1152 950 1220 1016 est.
1275 941 1372 1017 Finis

327 1057 427 1131 enim
438 1055 640 1152 punitioni
651 1063 718 1153 est,
730 1055 959 1130 voluntatem
967 1053 1126 1130 bominis
1136 1077 1214 1129 non
1228 1077 1371 1153 cogere,

326 1166 394 1246 sed
406 1168 578 1260 formare,
592 1179 632 1244 ot
643 1168 757 1243 talem
771 1167 905 1260 facere,
920 1167 1067 1264 qualem
1079 1191 1162 1242 eam
1175 1191 1257 1242 esse
1274 1172 1372 1266 cupit

326 1283 358 1358 is
376 1281 440 1380 qui
456 1301 605 1379 poenam
624 1281 765 1356 stanit.
795 1283 844 1358 Et
861 1281 1077 1358 deliberatio
1093 1282 1187 1356 nihil
1199 1283 1304 1357 aliud
1320 1295 1372 1358 est

327 1395 399 1472 nisi
432 1394 711 1470 commodorum
738 1403 778 1470 et
802 1394 1121 1472 incommodorum
1141 1394 1245 1483 facti,
1276 1397 1372 1495 quod

326 1509 574 1608 aggredimur,
604 1513 782 1606 tauquam
804 1509 844 1583 in
869 1508 1013 1585 bilance
1039 1507 1275 1607 ponderatio,
1312 1511 1371 1586 ubi

328 1624 428 1722 quod
455 1621 725 1721 praeponderat,
751 1623 957 1698 necessario
988 1621 1193 1698 seeundum
1220 1623 1371 1700 inclina

327 1739 467 1814 tionem
494 1759 598 1812 suam
624 1736 803 1834 procedit.
856 1736 1047 1834 Siquidem
1070 1758 1159 1834 ergo
1185 1736 1371 1834 legislator

325 1875 475 1951 poenam
498 1851 679 1926 minorem
706 1851 853 1927 arimini
881 1851 1069 1949 appendit,
1087 1875 1200 1949 quam
1226 1862 1272 1926 ut
1296 1851 1371 1926 libi-

326 1966 404 2040 dini
437 1977 556 2040 metus
596 1964 864 2064 praeponderet,
897 1965 1059 2040 libidinis
1093 1987 1205 2063 supra
1235 1978 1371 2042 metum

324 2103 445 2176 poenae
461 2099 644 2169 oxoessns,
658 2103 731 2179 quo
741 2079 883 2154 orimen
899 2079 1154 2170 commistim,
1171 2079 1372 2178 legislatori

325 2194 583 2270 attribuendus
599 2204 669 2286 est,
686 2195 758 2269 hoo
780 2204 848 2284 est,
865 2214 1008 2268 summo
1026 2193 1223 2291 imperanti
1237 2225 1248 2280 ς
1274 2194 1371 2269 ideo

326 2331 398 2406 qne
421 2309 460 2383 si·
478 2309 586 2407 punit
601 2309 734 2406 maj0ri
749 2332 860 2406 poena
876 2331 988 2405 quam
1010 2308 1088 2406 ipse
1114 2307 1260 2405 legibus
1281 2331 1370 2406 prae-

325 2422 456 2513 finivit‚
472 2421 580 2520 punit
595 2421 636 2496 in
652 2423 724 2498 ulio
743 2421 843 2519 quod
859 2421 1026 2519 peccarit
1038 2421 1128 2519 ipae.

125 2540 242 2654 u'joefwr
276 2559 290 2589 ⁸
380 2537 437 2620 17.
463 2533 587 2611 Etiam
607 2533 656 2610 ad
682 2535 872 2611 innoxiam
895 2547 934 2610 et
960 2535 1206 2610 macomariam
1233 2535 1370 2611 civibus

123 2686 126 2695 ·
205 2636 249 2719 aa
325 2647 541 2724 libertatem
564 2647 737 2747 pertinet,
760 2660 803 2723 ut
820 2672 903 2746 quae
924 2651 1010 2746 jura
1025 2649 1169 2746 legibus
1187 2648 1260 2724 sibi
1277 2650 1370 2748 quis

324 2785 581 2863 queaonoessa
589 2763 713 2856 habet,
726 2763 771 2838 iis
785 2763 1195 2861 sinematufruipossit.
1222 2765 1372 2840 liustra

324 2879 424 2954 enim
441 2881 499 2953 est
515 2899 619 2951 auum
635 2877 683 2952 ab
700 2874 826 2951 alieno
843 2877 985 2975 legibus
1011 2875 1202 2974 distingui,
1220 2876 1253 2952 si
1280 2878 1370 2954 falso

319 2991 472 3090 judicio,
493 2990 702 3082 latrocinio,
723 2991 783 3064 vol
809 2990 909 3066 furto
936 3013 1062 3066 rursus
1084 2991 1369 3066 confundantur.

324 3103 517 3202 Contingit
543 3113 668 3180 autem
690 3102 783 3178 falsa
805 3103 958 3201 judicia,
981 3103 1189 3195 latrocinia,
1207 3114 1246 3180 et
1275 3105 1372 3181 furta

323 3219 415 3312 fieri,
439 3219 505 3294 ubi
527 3218 671 3316 judiees
688 3218 875 3316 oomumpi
900 3230 1065 3318 possunt.
1117 3219 1243 3294 Metus
1261 3221 1371 3310 enim,

323 3355 396 3430 qao
421 3333 588 3408 hominen
613 3355 638 3407 a
661 3331 941 3407 malefaciendo
968 3331 1214 3424 deterrentur,
1232 3357 1310 3408 non
1326 3335 1371 3408 ab

322 3471 368 3522 eo
384 3448 503 3524 oritur
520 3446 620 3545 quod
635 3469 755 3545 poenoe
771 3457 996 3539 statuuntur,
1014 3444 1080 3522 sod
1096 3445 1196 3546 quod
1218 3447 1373 3546 exigun-

323 3573 397 3636 tur.
448 3559 628 3636 Futurum
645 3561 744 3635 enim
760 3585 806 3635 ex
821 3560 1010 3659 praeterito
1027 3561 1267 3653 aestimamus,
1291 3585 1372 3659 qun

322 3674 1013 3772 rarofierisolent,raroexspeotantes.
1041 3674 1081 3750 Si
1091 3675 1207 3772 igitur
1214 3675 1372 3774 judiees,

321 3789 548 3881 muneribus
565 3788 697 3886 gratia,
710 3788 769 3862 vel
782 3788 894 3863 etiam
909 3787 1173 3880 misericordia,
1191 3791 1372 3888 corrupti,

321 3927 449 4001 poenaa
465 3903 547 4001 lege
565 3901 708 3976 debitas
726 3925 823 4000 saepe
849 3901 1051 3992 remittant,
1069 3912 1181 3998 atque
1197 3927 1242 3978 eo
1260 3903 1372 3979 modo

321 4016 497 4114 improbis
515 4041 618 4114 spem
643 4014 782 4089 faciant
808 4015 1050 4113 impunitatis,
1066 4015 1173 4091 bonis
1191 4017 1335 4092 civibus
1352 4043 1374 4092 a

322 4130 475 4224 sicariis,
491 4127 708 4221 latronibus,
719 4129 1057 4226 veteratoribusque
1069 4129 1239 4222 obsessis,
1250 4154 1372 4229 neque
