2904 4912
321 296 393 375 370
739 307 928 366 nummo.

126 517 222 564 gffl,
238 517 289 567 nr.
318 478 583 552 hereditarium
610 491 699 552 erat.
751 481 991 554 Manifestum
1015 491 1140 552 autem
1167 490 1225 552 est
1251 479 1361 552 fuisse

137 595 279 696 ᾧ
320 592 577 680 sacerdotium,
590 593 687 666 sicut
697 593 844 667 vivente
857 595 975 683 Mose,
994 593 1048 665 ita
1063 617 1130 689 per
1147 617 1259 695 omne
1272 603 1363 665 tem-

320 730 389 802 pus
417 731 440 778 a
471 707 579 778 Saule
609 731 696 802 rege
724 707 772 780 ad
802 707 1055 802 captivitatem
1083 707 1361 804 Babylonicam,

319 843 396 892 non
413 819 674 916 magisterium,
692 820 757 892 sed
774 819 1030 892 ministerium.
1161 865 1166 876 ·

189 998 295 1040 inm·
376 937 432 1014 17.
459 934 545 1028 Po'st
561 933 721 1005 reditum
749 957 772 1005 a
798 933 975 1006 servitute
999 932 1239 1028 Babylonica,
1257 957 1365 1006 reno-

161 1077 198 1138 „³
222 1076 246 1104 os
320 1061 407 1118 vato
441 1058 480 1118 et
508 1046 652 1142 signato
668 1046 840 1144 fodere,
874 1047 1088 1119 restitutum
1119 1056 1176 1118 est
1204 1071 1365 1145 regnum

109 1141 137 1170 ⁰²
169 1143 214 1170 '¹'
258 1160 264 1166 ’
320 1158 573 1250 sacerdotale,
591 1161 699 1256 quale
722 1173 841 1233 erata
865 1172 984 1233 morte
1008 1161 1132 1234 Josuae
1150 1161 1199 1233 ad
1216 1161 1364 1232 initium

320 1296 474 1368 regum;
517 1273 588 1345 nisi
619 1274 719 1369 quod
751 1299 828 1347 non
860 1273 1018 1346 habetur
1052 1297 1236 1370 expresse,
1267 1273 1366 1368 quod

321 1385 459 1470 Esdrae,
477 1386 580 1481 cujus
597 1386 767 1482 auspiciis
782 1385 904 1460 Judaei
919 1384 1074 1458 reduces
1100 1397 1240 1458 statum
1258 1409 1365 1457 suum

321 1497 553 1587 ordinabant,
565 1508 629 1570 aut
642 1499 813 1594 cuiquam
826 1498 899 1586 aiii,
916 1508 1164 1595 praeterquam
1180 1499 1253 1594 ipsi
1271 1497 1363 1586 Deo,

317 1613 379 1708 jus
395 1610 617 1684 tradiderint
633 1611 787 1706 imperii.
838 1611 994 1684 Videtur
1012 1612 1137 1707 potius
1149 1611 1364 1684 reformatio

318 1725 383 1797 illa
403 1725 495 1796 nihil
512 1724 719 1812 aliudesse,
738 1747 848 1819 quam
875 1724 1104 1820 singulorum
1132 1725 1179 1797 de
1206 1724 1265 1813 iis,
1285 1749 1365 1820 quae

320 1839 360 1911 in
388 1839 482 1910 libro
512 1839 603 1934 legis
634 1839 772 1934 scripta
799 1850 916 1926 erant,
945 1837 1183 1911 observandis
1209 1849 1300 1910 vota
1330 1847 1366 1910 et

319 1953 499 2048 promissa
514 1952 624 2024 nuda.
674 1952 938 2039 Veruntamen,
960 1950 1072 2044 (forte
1084 1975 1161 2024 non
1175 1975 1223 2023 ex
1239 1951 1365 2047 populi

320 2066 542 2159 intentione)
563 2090 609 2139 ex
619 2075 752 2164 pactu,
771 2065 870 2161 quod
896 2074 978 2137 tum
1002 2066 1245 2152 renovabant,
1267 2069 1365 2158 (nam

320 2191 471 2274 pactum
482 2191 564 2250 erat
579 2179 677 2252 idem
694 2203 778 2252 cum
796 2203 839 2251 eo
857 2179 958 2274 quod
969 2179 1110 2251 factum
1124 2189 1181 2250 est
1198 2179 1248 2251 ad
1265 2203 1365 2251 mon-

320 2303 397 2364 tem
414 2291 547 2385 Sinai),
562 2305 641 2364 erat
656 2291 719 2364 ille
732 2302 848 2364 status
858 2315 1016 2389 regnum
1025 2291 1283 2381 sacerdotale,
1295 2293 1364 2363 hoc

322 2415 390 2493 est,
409 2428 580 2500 suprema
599 2405 799 2477 auctoritas
826 2405 944 2476 civilis
971 2416 1010 2477 et
1026 2428 1132 2478 sacra
1154 2405 1264 2478 unita
1286 2419 1363 2478 erat

319 2519 360 2591 in
373 2519 636 2592 sacerdotibus.
664 2519 861 2613 Utcunque
874 2527 999 2590 autem
1012 2518 1214 2591 ambitione
1225 2543 1362 2608 eorum,

320 2632 384 2728 qui
401 2632 447 2705 de
464 2631 670 2705 sacerdotio
684 2630 968 2721 contenderunt,
980 2643 1019 2705 et
1034 2633 1249 2704 interventu
1265 2633 1362 2728 prin-

320 2748 444 2842 cipum
458 2755 694 2818 extemorum
710 2745 764 2817 ita
781 2746 970 2816 turbatum
979 2756 1110 2840 postea
1122 2745 1171 2817 sit
1181 2769 1301 2842 usque
1318 2745 1363 2817 ad

320 2870 490 2954 tempora
518 2859 724 2932 Servatoris
750 2858 869 2930 nostri
884 2857 974 2930 Jesu
992 2857 1142 2946 Christi,
1161 2867 1206 2929 ut
1220 2882 1267 2929 ex
1290 2857 1361 2930 his-

318 2973 424 3045 toriis
445 2984 654 3066 temporum
671 2971 818 3044 illorum
830 2971 917 3043 sciri
938 2995 1015 3044 non
1041 2971 1169 3067 possit,
1187 2973 1254 3043 ubi
1278 2995 1361 3043 auc-

318 3087 449 3157 toritas
479 3084 542 3156 illa
572 3084 774 3168 resideret;
819 3094 965 3156 constat
994 3095 1121 3157 tamen
1148 3108 1226 3156 non
1252 3085 1361 3156 fuisse

318 3197 389 3270 illis
415 3198 642 3292 temporibus
664 3209 888 3293 potestatem
915 3195 1184 3292 interpretandi
1210 3199 1362 3269 verbum

318 3313 389 3385 Dei
405 3337 428 3384 a
443 3336 586 3383 summa
602 3323 783 3408 potestate
801 3312 900 3385 civili
918 3321 1136 3406 separatam.

106 3425 273 3502 ΛΜΨ
374 3433 430 3497 18.
456 3427 512 3497 Ex
533 3426 591 3496 his
615 3425 723 3497 facile
750 3427 902 3522 cognitu
927 3436 994 3514 est,
1013 3424 1104 3521 quid
1129 3425 1271 3498 Judaeis
1297 3448 1361 3520 per

104 3497 305 3607 iffibiida
317 3563 427 3611 omne
460 3552 605 3634 tempus
636 3540 683 3610 ab
717 3539 928 3611 Abrahamo
962 3539 1011 3611 ad
1041 3538 1232 3611 Christum
1266 3539 1361 3610 circa

103 3619 226 3663 idololatria
234 3621 280 3664 solo

104 3687 269 3728 erautcrimina
317 3653 493 3725 mandata
507 3652 715 3748 principum
733 3676 883 3724 suorum
899 3652 1110 3724 faciendum
1128 3663 1220 3723 erat.
1260 3651 1359 3724 Sicut

102 3749 162 3792 ¹²⁸³
175 3751 295 3806 ΨΜ*
318 3768 417 3839 enim
433 3767 473 3838 in
490 3767 613 3862 regnis
629 3790 730 3838 mere
742 3766 924 3854 humanis,
942 3765 1174 3861 magistratui
1193 3760 1359 3836 subordi-

104 3814 198 3864 divinae;
212 3816 235 3858 in
250 3829 289 3858 eas

102 3880 295 4001 fflffiffim
317 3892 406 3953 nato
424 3880 670 3953 obediendum
687 3881 798 3952 estin
816 3880 998 3967 omnihus
1015 3891 1263 3974 praeterquam
1276 3899 1359 3948 cum

102 4009 300 4065 rmredebebaut
315 3995 492 4067 mandata
509 3996 587 4090 ejus
605 3995 798 4066 continent
824 3995 864 4066 in
890 4017 929 4066 se
948 3993 1087 4065 crimen
1114 3991 1213 4064 laesae
1230 3991 1358 4084 majes-

314 4109 424 4193 tatis3
462 4109 515 4181 ita
547 4110 585 4181 in
618 4133 734 4204 regno
769 4108 850 4196 Dei,
879 4107 1106 4203 principibus
1135 4105 1357 4184 Abraham0,

314 4223 452 4310 Isaaco‚
479 4224 632 4308 Jacobo,
651 4221 760 4310 Mosi,
788 4221 995 4308 sacerdoti,
1023 4219 1112 4316 regi
1134 4217 1269 4314 cuique
1290 4237 1357 4310 pro
