2904 4916
269 301 323 355 DE
343 301 486 356 REGNO
506 302 579 358 Dlll
598 302 680 358 PER
697 304 917 362 NATURAM.
1058 293 1130 360 335

80 484 154 558 etsi
169 507 249 560 non
267 497 469 582 peccasset.
522 487 653 585 Neque
670 489 701 564 si
718 490 889 565 voluntas
906 489 988 580 Dei,
1006 489 1046 563 in
1063 511 1133 586 pu·
1171 513 1268 566 sacr.
1280 513 1333 566 111.

76 597 232 690 niendo,
247 611 447 697 peccatum
463 602 687 678 antecedens
703 604 885 700 respicere
901 603 1031 700 possit,
1048 601 1132 677 ideo
1174 593 1318 700 L

76 713 250 808 sequitur
278 713 379 810 quod
406 713 593 812 affligendi
615 717 675 791 vel
699 716 893 790 occidendi
914 718 975 813 jus
1004 739 1080 790 non
1110 741 1133 790 a

67 827 253 924 potentia
271 827 401 902 divina
427 828 647 926 dependeat,
664 829 731 905 sed
746 855 770 904 a
777 838 943 931 peccato
961 829 1130 904 hminis.

125 948 163 1014 6.
192 940 358 1016 Quaestio
375 942 460 1034 ista,
484 942 794 1040 disputationibus
811 944 1049 1041 antiquorum
1063 967 1131 1018 no·
1143 965 1244 1044 nepe:

75 1053 367 1152 uncaque
378 1054 483 1130 sono
493 1055 608 1148 man,
619 1057 780 1132 otmaro
791 1055 888 1134 rosa
899 1056 1131 1158 omnemne,
1144 1032 1258 1090 &W
1272 1032 1345 1078 ⁸⁸⁰¹*

75 1165 211 1244 eadem
228 1179 286 1244 est
303 1169 476 1244 cumbae
492 1181 632 1262 nostra,
649 1195 723 1270 qno
743 1172 837 1268 jure
852 1169 963 1244 Deua
983 1169 1079 1246 dona
1096 1181 1134 1246 et

80 1281 187 1355 mala
205 1281 413 1356 homicidae
431 1282 626 1382 dispenset
639 1312 653 1357 .·
679 1296 717 1358 et
734 1284 951 1359 difficultate
969 1308 1037 1360 sua
1058 1308 1134 1360 non

76 1395 202 1501 solnm
218 1395 332 1492 vulgi,
344 1397 410 1470 sed
422 1397 535 1472 etiam
552 1397 868 1496 pbilosophorum,
886 1408 925 1473 et
939 1398 1040 1496 qnod
1056 1419 1135 1473 ma-

71 1509 135 1604 jus
153 1517 224 1596 est,
238 1519 452 1584 sanctorum
475 1511 669 1586 bominum
685 1512 733 1586 de
750 1511 877 1588 divina
900 1511 1136 1610 providentia

76 1622 194 1696 fidem
219 1623 393 1698 vacillare
419 1625 522 1700 fecit.
579 1626 699 1712 Quam
720 1625 847 1719 bonus,
875 1626 998 1724 inquit
1014 1625 1136 1700 David

78 1735 339 1832 (Psalmlxxii.
349 1739 489 1834 1,2,3),
500 1737 929 1840 Isrudifflmhiaqri
938 1749 1136 1816 reamur

76 1849 217 1935 ccrde;
234 1851 305 1924 mci
318 1861 442 1926 autem
451 1877 555 1954 pene
565 1853 655 1928 moti
668 1865 756 1928 eunt
761 1854 899 1954 pedes,
910 1879 1013 1954 pene
1025 1852 1137 1950 effusi

76 1973 169 2037 suot
183 1987 347 2063 gressus
362 1967 446 2058 mei,
457 1967 551 2066 quia
560 1967 682 2042 sclavi
699 1993 816 2068 cuper
827 1969 988 2068 iniquos,
999 1991 1138 2068 pacem

70 2087 327 2176 peccatorum
341 2080 485 2156 cidens.
511 2082 653 2174 Etlob,
672 2107 785 2180 quarn
800 2084 939 2158 acriter
955 2105 1041 2156 cum
1057 2081 1137 2156 Deo

77 2191 349 2288 expostrdabat,
367 2193 469 2290 quod
488 2194 622 2290 justus
640 2217 725 2268 cum
743 2207 851 2287 esset,
869 2195 985 2270 tantis
1011 2207 1136 2270 tamen

79 2306 351 2380 calamitatibus
360 2307 608 2404 affligeretur?
635 2307 754 2384 Solvit
764 2309 1019 2384 difficultatem
1027 2308 1136 2398 hanc,

78 2422 120 2494 in
137 2443 227 2494 casu
242 2419 328 2511 Job,
345 2421 427 2519 ipsc
442 2421 543 2496 Deus
560 2422 646 2498 viva
661 2447 767 2514 voce,
777 2434 818 2498 et
830 2425 892 2520 jus
906 2447 1013 2498 suum
1029 2445 1138 2519 argu·

78 2533 228 2626 mentis,
246 2559 322 2608 non
338 2559 363 2608 a
377 2545 533 2633 peccato
552 2538 643 2634 ejus,
662 2537 729 2612 sed
750 2563 774 2612 a
794 2539 964 2636 potentia
987 2537 1138 2636 propria

81 2647 272 2740 desumtis,
290 2650 536 2725 confirmavit
588 2651 648 2726 Ita
670 2652 770 2725 enim
787 2652 1024 2750 disputarunt
1039 2653 1138 2726 inter

81 2787 119 2837 se
139 2764 216 2838 Job
240 2771 280 2836 et
305 2763 416 2837 amici
445 2766 537 2861 ejus,
559 2774 604 2839 ut
630 2765 672 2839 hi
700 2765 806 2840 illum
828 2789 934 2840 reum
959 2763 1136 2858 facerent,

80 2876 620 2977 proptereaquodpuniretur3
645 2879 852 2955 illeborum
864 2879 1137 2954 accusationem

82 2993 311 3088 argumentis
327 2994 374 3066 ab
391 2991 606 3068 innocentia
626 3017 694 3068 sua
719 2993 971 3092 redargueret.
1022 2993 1138 3090 Atqui

81 3107 197 3198 Deus,
216 3131 301 3182 cum
318 3116 356 3182 et
372 3109 477 3182 illum
494 3119 532 3183 et
557 3109 627 3182 bos
644 3109 857 3200 audivisset,
873 3107 1137 3206 expostulatio-

81 3245 170 3296 nem
186 3221 286 3298 illius
301 3221 454 3313 refutat,
477 3243 555 3296 non
573 3221 765 3320 injustitias
782 3233 848 3298 aut
863 3223 1008 3320 peccati
1025 3217 1138 3296 alic'u-

78 3338 141 3433 jus
151 3337 275 3433 ipsum
288 3335 510 3427 damnando,
524 3336 591 3410 sed
606 3335 793 3434 propriam
803 3338 1010 3436 potentiam
1022 3336 1139 3434 expli-

82 3449 218 3540 cando,
240 3450 311 3523 Job
329 3450 480 3524 xxxviii.
495 3458 532 3541 4,
553 3460 593 3523 et
604 3451 864 3548 sequentibus:
900 3451 984 3543 Ubi,
1005 3451 1138 3549 inquit,

84 3587 177 3638 erac
195 3571 248 3655 tu,
266 3563 417 3663 quoodo
429 3562 617 3662 ponebam
624 3563 885 3662 fundamenta
898 3569 1051 3640 terrael
1067 3575 1137 3640 etc.

84 3677 142 3752 De
160 3675 289 3752 amicis
306 3685 429 3753 autem
452 3675 539 3773 (Job
557 3675 633 3751 xlii.
653 3677 692 3774 7)
713 3677 916 3768 iratumre,
927 3677 993 3768 ait,
1006 3686 1140 3752 contra

84 3817 164 3884 eos,
177 3791 281 3888 quod
294 3815 366 3866 corr
384 3789 662 3890 locutifucrict
678 3801 822 3866 rectum
834 3815 1028 3883 corameo,
1041 3790 1141 3866 sicut

85 3929 219 3980 serora
236 3905 319 4000 ejus
333 3903 426 3978 Job.
479 3905 681 3980 Sententia
709 3906 797 3980 huic
820 3917 1068 3980 consentanea
1083 3915 1142 3980 cst

86 4043 143 4110 ea,
168 4043 279 4116 quam
303 4019 398 4092 dixit
426 4019 600 4094 Servator
622 4031 749 4095 noster
773 4021 812 4095 in
842 4044 930 4094 casu
959 4021 1049 4118 ejuS,
1078 4020 1142 4118 qui

86 4157 210 4208 caecus
222 4145 334 4208 natus
351 4143 442 4226 erat,
457 4159 542 4208 cum
558 4135 872 4233 interrogantibus
886 4133 1075 4234 discipulis
1092 4157 1142 4208 an

85 4247 167 4345 ipse
184 4258 375 4345 peccasset
392 4246 493 4346 quod
508 4261 725 4324 nasceretur
742 4273 877 4341 caecuS,
894 4273 943 4324 an
958 4259 1141 4348 parentes,

86 4362 285 4459 respondit
311 4361 411 4461 (Joh.
429 4363 479 4438 ix.
498 4363 538 4462 3)
556 4393 565 4438 ε
592 4363 727 4463 Neque
743 4363 805 4439 tte
814 4363 1006 4464 peccavit,
1023 4388 1142 4462 oeque
