2912 4912
191 295 257 360 144
486 308 701 362 onerario
721 309 777 361 An
797 309 1022 372 saoconna.

185 513 293 587 sitam
306 536 384 586 esse
397 515 616 589 maluerunt.
653 517 864 612 Antequam
878 517 976 588 enim
990 513 1211 612 quaestiones
1228 512 1319 586 illins

185 664 287 738 modi
313 664 446 760 agitari
463 677 667 762 coeperunt,
689 665 874 762 principes
897 675 1117 762 potestatem
1144 686 1320 735 summam

184 837 260 888 non
277 813 523 911 postulabant,
542 817 607 888 sed
621 817 853 890 exercebant.
908 815 1105 912 Imperium
1125 793 1235 887 suum
1251 838 1321 886 non

183 965 424 1061 argumentis,
443 965 507 1038 sed
524 965 715 1040 hominum
732 966 995 1040 sceleratorum
1025 966 1172 1063 quidem
1204 989 1319 1062 poena,

183 1117 385 1212 proborum
394 1140 481 1188 vero
495 1116 709 1190 defensioue
719 1119 928 1190 tuebantur.
955 1117 1124 1191 Vicissim
1139 1118 1237 1190 cives
1247 1117 1320 1213 jus-

184 1265 304 1339 titiam
314 1291 388 1339 non
402 1267 629 1340 sermonibus
647 1267 838 1341 hominum
848 1269 1087 1364 privatorum,
1102 1266 1168 1340 sed
1181 1267 1321 1362 legibus

183 1417 343 1490 civitatis
355 1418 601 1491 metiebantur
616 1447 624 1490 :
642 1443 711 1491 nec
726 1419 1045 1516 disputationibus,
1058 1417 1123 1490 sed
1133 1417 1170 1490 vi
1180 1416 1323 1513 imperii

77 1587 80 1596 ·
183 1569 221 1640 in
234 1592 325 1664 pace
338 1568 634 1642 continebantur.
662 1570 741 1642 Imo
758 1580 979 1666 potestatem
990 1591 1182 1655 summam,
1196 1567 1273 1638 sive
1286 1565 1323 1638 in

184 1742 259 1791 uno
276 1717 436 1807 homine,
451 1718 527 1791 sive
544 1718 583 1791 in
606 1743 681 1792 uno
699 1720 854 1794 concilio
873 1743 917 1792 ea
942 1717 1130 1808 resideret,
1148 1728 1325 1813 tanquam

183 1867 412 1942 divinitatem
441 1869 626 1965 quandam
653 1870 832 1944 visibilem
859 1871 1142 1944 venerabantur.
1194 1863 1328 1964 Itaque.

182 2018 385 2094 ambitiosis
401 2018 601 2114 perditisve
614 2013 824 2094 hominibus
842 2021 889 2092 ad
903 2019 1145 2093 evertendum
1163 2017 1323 2091 civitatis

148 2181 152 2188 '
182 2180 320 2246 statum
337 2170 500 2259 minime,
515 2181 557 2242 ut
574 2194 685 2261 nunc,
704 2195 744 2244 se
760 2171 1023 2282 adjungebant.
1068 2169 1167 2242 Nam
1183 2179 1227 2241 ut
1245 2193 1324 2241 eam

182 2346 272 2412 rem,
290 2345 358 2418 per
384 2344 494 2417 quam
520 2323 833 2396 conservabantur
860 2322 941 2419 ipsi,
960 2330 1217 2394 conservatam
1246 2342 1324 2392 esse

181 2471 335 2560 nollent,
365 2470 404 2543 in
433 2470 599 2545 animum
626 2471 800 2546 inducere
834 2496 911 2544 non
936 2480 1120 2567 poterant.
1173 2467 1322 2542 Scilicet

181 2623 328 2698 illorum
344 2633 553 2720 temporum
566 2624 779 2720 simplicitas
793 2634 870 2696 tam
884 2596 1032 2696 doctam
1044 2619 1239 2694 stultitiam
1250 2643 1324 2694 non

182 2775 363 2873 capiebat.
414 2775 544 2872 ltaque
567 2797 646 2871 pax
673 2786 753 2847 erat
781 2784 819 2846 et
849 2773 1013 2846 seculum
1041 2794 1205 2861 aureum,
1226 2769 1324 2867 quod

181 2950 258 3000 non
284 2936 372 2998 ante
397 2926 510 2998 finem
532 2925 663 2998 habuit
681 2949 803 3022 quarn,
823 2925 982 2998 Saturno
1000 2922 1164 3018 expulso,
1191 2933 1324 2994 contra

157 3089 286 3174 ‘reges
314 3101 417 3149 arma
442 3075 531 3149 ferri
556 3100 664 3173 posse
689 3075 813 3149 doceri
837 3087 1012 3172 coeperat.
1040 3075 1145 3163 Haec,
1160 3074 1322 3170 inquam,

181 3241 326 3302 veteres
342 3251 419 3299 non
436 3224 547 3298 modo
565 3226 710 3316 vidisse,
725 3226 791 3299 sed
807 3227 846 3299 in
863 3250 938 3299 una
955 3248 1103 3298 suarum
1115 3223 1322 3297 fabularum

180 3349 368 3476 aptissime
384 3377 559 3450 videntur
577 3376 811 3472 significasse.
864 3377 1002 3450 Dicunt
1026 3375 1125 3448 enim
1142 3374 1320 3464 Ixionem,

180 3552 265 3601 eum
275 3538 372 3601 esset
382 3552 405 3599 a
416 3527 508 3599 Jove
522 3525 707 3599 adhibitus
721 3526 759 3598 in
771 3501 991 3614 convivium,
1005 3513 1196 3598 adamasse
1210 3537 1321 3623 atque

180 3679 378 3752 solicitasse
396 3678 513 3774 ipsam
536 3678 732 3750 lunonem.
777 3675 834 3749 llli
851 3699 918 3773 pro
937 3675 1017 3749 Dea
1034 3677 1170 3749 nubem
1187 3675 1227 3748 in
1245 3677 1321 3772 ejus

180 3831 338 3928 speciem
370 3829 568 3902 formatam
598 3830 760 3902 oblatam
793 3853 883 3902 esse.
937 3828 1027 3900 Inde
1061 3828 1207 3924 genitos
1243 3852 1320 3902 esse

180 3981 397 4070 Centauros,
431 3989 573 4052 naturae
607 3979 742 4075 partim
776 3979 957 4069 humana,
991 3979 1128 4075 partim
1164 3979 1319 4077 equinae,

97 4149 99 4156 ·
178 4153 296 4226 genus
313 4152 465 4225 pugnax
482 4138 520 4201 et
536 4127 753 4225 inquietum.
806 4128 849 4199 ld
869 4127 967 4223 quod
995 4127 1145 4230 mutatis
1163 4127 1319 4202 nomini-

178 4282 247 4355 bus
264 4280 365 4356 idem
381 4293 437 4354 est
456 4305 499 4354 ac
524 4280 554 4353 si
573 4279 762 4366 dixissent,
786 4278 952 4352 homines
969 4278 1145 4374 privatoS,
1168 4280 1216 4353 ad
1233 4304 1319 4353 con-
