2918 4912
282 261 357 328 240
696 277 928 329 rurnnruu.

88 475 186 526 secr,
198 476 250 526 111,
282 441 479 538 quicquam
494 443 611 540 possit
621 443 855 532 intervenire,
876 469 961 541 quo,
980 453 1135 539 propter
1146 443 1332 516 defectum
1455 441 1456 452 ’

97 555 241 657 ss
282 556 412 628 summi
430 555 595 654 imperii,
614 558 743 630 civitas
761 558 800 629 in
819 557 1017 629 discrimen
1036 556 1254 646 adducatur,
1271 556 1329 629 vel

84 693 257 751 pronatum
281 669 411 741 saltem
427 693 536 743 usum
553 671 687 743 summi
711 670 856 765 imperii
882 669 992 742 alicui
1020 669 1162 741 homini
1178 670 1256 758 uni,
1272 669 1333 742 vel
1455 709 1456 720 κ

85 759 125 802 uni
139 758 260 802 alicnicma

85 823 257 868 ,mmm
282 782 438 855 concilio
468 783 533 856 uni
559 807 626 879 pro
655 795 822 879 tempore
855 782 1076 856 intermedio
1112 782 1331 854 concedant.

283 897 366 969 Hoc
384 895 482 968 enim
499 896 572 969 nisi
584 898 662 980 fiat,
676 921 752 970 non
769 897 857 970 satis
875 909 1022 970 cautum
1051 907 1109 968 est
1126 895 1333 968 defensioni

281 1019 320 1083 et
336 1009 420 1104 paci
445 1008 696 1104 singulorum
724 1033 844 1104 neque
872 1010 986 1104 igitur
1015 1009 1145 1082 civitas
1174 1008 1335 1082 dicenda

282 1122 378 1205 erit;
406 1121 541 1219 quippe
557 1123 597 1195 in
621 1147 704 1219 qua,
722 1133 874 1219 propter
898 1123 1082 1196 defectum
1110 1123 1334 1208 securitatis,

283 1234 379 1308 redit
417 1236 616 1332 unicuique
645 1239 706 1332 jus
741 1260 780 1310 se
813 1237 934 1332 ipsum
967 1235 1116 1332 proprio
1149 1235 1334 1308 arbitratu

282 1346 516 1422 defendendi.

72 1481 247 1558 namma
334 1463 368 1544 7.
395 1461 645 1535 Democratia
662 1487 738 1536 non
753 1462 991 1536 constituitur
1014 1487 1082 1558 per
1102 1472 1189 1535 acta
1207 1461 1332 1558 singu-

70 1547 271 1668 mil-“tlt
282 1574 403 1647 lorum
421 1599 505 1648 cum
530 1577 679 1672 populo,
697 1576 764 1649 sed
790 1576 927 1648 mutuis
954 1576 1073 1671 pactis
1100 1575 1333 1671 singulorum

69 1675 272 1798 {fflssoffi
283 1712 368 1761 cum
385 1688 536 1784 singulis
554 1689 709 1762 caeteris
761 1689 923 1761 Primum
937 1698 1072 1777 autem,
1090 1711 1199 1761 exeo
1217 1699 1331 1783 patet,

78 1806 218 1915 ewini
236 1807 273 1851 ⁰¹*
283 1801 383 1896 quod
398 1802 500 1897 prius
519 1801 654 1874 debent
670 1802 709 1874 in
728 1802 827 1874 omni
843 1811 954 1896 pacto
969 1801 1144 1873 exsistere
1162 1824 1332 1896 personae

67 1871 113 1928 ¹¹⁸⁸
281 1915 522 2011 paciscentes,
541 1939 651 2010 quam
668 1915 788 2010 ipsum
805 1925 979 2010 pactum;
1006 1914 1071 1986 sed
1088 1925 1176 1986 ante
1194 1914 1334 1987 consti-

282 2027 466 2101 tutionem
478 2027 649 2117 civitatiS,
658 2025 827 2124 populus·
837 2051 914 2100 non
931 2027 1085 2116 exstitit,
1102 2037 1146 2099 ut
1158 2051 1246 2122 quae
1257 2052 1332 2100 non
1455 2065 1456 2070 ,

282 2151 364 2214 erat
396 2164 555 2236 persona
588 2141 722 2236 aliqua,
759 2140 825 2213 sed
857 2140 1055 2213 multitudo
1088 2163 1333 2236 personarum

282 2254 544 2350 singularium:
571 2278 647 2327 non
672 2253 795 2349 potuit
823 2253 937 2350 igitur
965 2254 1062 2325 inter
1082 2251 1271 2349 populum
1293 2265 1333 2326 et

281 2366 397 2440 civem
413 2379 564 2462 pactum
581 2366 697 2439 ullum
714 2366 954 2440 intercedere.
983 2367 1184 2460 Postquam
1203 2377 1332 2440 autem

282 2478 410 2554 civitas
429 2481 628 2554 constituta
653 2490 720 2570 est,
738 2480 769 2553 si
787 2481 875 2554 civis
900 2504 984 2553 cum
1010 2478 1148 2578 populo
1174 2480 1333 2576 pacisci-

280 2602 354 2683 tur,
369 2595 507 2667 frustra
525 2593 601 2667 esti
630 2594 716 2690 quia
730 2593 895 2691 populus·
906 2592 1096 2665 voluntate
1114 2615 1183 2664 sua
1198 2593 1333 2665 volun-

281 2718 396 2780 tatem
413 2708 507 2780 civis
526 2707 634 2796 illius,
653 2706 713 2778 cui
731 2706 949 2802 supponitur
965 2705 1133 2801 obligari,
1146 2705 1331 2800 compleo·
1454 2727 1455 2730 ’

281 2821 385 2911 titur,
411 2821 566 2917 ideoque
595 2820 750 2892 liberare
774 2842 813 2891 se
843 2828 964 2914 potest
990 2817 1144 2889 arbitrio
1173 2841 1266 2903 suo;
1292 2831 1333 2890 et

182 2977 185 2984 ·
282 2958 350 3030 per
380 2957 618 3030 consequens,
646 2934 724 3028 jam
754 2945 843 3004 actu
875 2931 1063 3004 liberast.
1117 2930 1332 3003 Secundum

281 3056 416 3135 autem,
435 3046 536 3144 quod
563 3045 696 3142 singuli
713 3069 798 3118 cum
825 3043 978 3140 singulis
1005 3044 1257 3139 paciscuntur,
1286 3069 1334 3118 ex

282 3183 325 3232 eo
343 3160 470 3233 inferri
487 3170 622 3255 potest,
641 3157 740 3254 quod
757 3158 895 3230 frustra
908 3168 1004 3229 esset
1021 3157 1226 3230 constituta
1243 3157 1334 3231 civi-

281 3283 350 3358 tas
365 3273 396 3345 si
413 3273 510 3346 cives
526 3272 635 3345 nullis
653 3271 969 3366 obstringerentur
985 3270 1103 3366 pactis
1130 3270 1179 3343 ad
1194 3271 1335 3344 facien·

282 3385 331 3459 da
348 3385 624 3482 omittendaquc
641 3409 696 3474 ea,
716 3409 798 3481 quae
817 3385 946 3457 civitas
962 3384 1084 3456 facere
1102 3392 1140 3455 ct
1157 3384 1333 3458 omittere

281 3498 490 3595 imperaret.
544 3497 728 3581 Quoniam
756 3522 844 3593 ergo
869 3507 979 3593 pacta
995 3497 1085 3569 talia
1101 3495 1333 3570 intercedere

281 3611 319 3684 in
338 3611 486 3686 civitate
504 3611 763 3685 constituenda
779 3610 1038 3708 intelliguntur
1050 3621 1093 3682 ut
1108 3613 1331 3702 necessaria,

280 3725 382 3799 nulla
398 3737 535 3815 autem,
553 3735 595 3798 ut
608 3725 685 3820 jam
702 3737 891 3798 ostensum
902 3735 969 3814 est,
983 3723 1218 3797 intercedant
1234 3724 1334 3799 inter

280 3839 396 3913 civem
428 3849 467 3913 et
495 3838 704 3938 populum
731 3838 895 3935 sequitur
920 3837 1002 3911 fieri
1027 3861 1072 3910 ea
1099 3837 1197 3909 inter
1232 3837 1333 3912 cives

281 3953 464 4050 singulos:
492 3953 631 4026 scilicet
647 3963 690 4025 ut
708 3953 957 4047 unusquisque
974 3951 1110 4024 civium
1121 3949 1333 4046 paciscatur
1452 3963 1453 3980 *

281 4066 509 4140 voluntatem
527 4091 631 4140 suam
649 4089 687 4138 se
705 4067 956 4162 subjecturum
967 4088 1044 4138 esse
1060 4063 1240 4137 voluntati
1253 4089 1333 4138 ma·

277 4179 368 4275 joris
381 4180 509 4277 partis,
527 4203 571 4254 ea
587 4179 680 4276 lege,
694 4191 738 4252 ut
755 4179 887 4274 reliqui
898 4202 1044 4275 quoque
1056 4177 1155 4254 idem
1167 4176 1330 4264 faciant;
