2904 4916
303 309 374 374 348
728 322 914 374 anuroro.

106 523 203 573 sacr,
218 523 270 574 111.
302 493 433 580 Deum,
452 489 627 588 quioquid
644 490 818 587 imperat,¹
830 515 897 587 per
910 492 988 588 ejus
1005 505 1136 566 vocem
1152 493 1352 590 imperare:

116 601 260 706 ᾧ
302 616 341 678 et
375 629 395 677 e
430 617 619 695 converso,
655 603 754 700 quod
784 605 829 676 ab
864 604 909 677 iis
945 604 1149 703 imperatur
1180 619 1219 680 et
1254 608 1354 681 circa

302 715 453 789 modum
478 717 685 791 honorandi
711 717 831 790 Deum
854 730 891 792 et
912 717 1012 791 circa
1028 720 1221 810 secularia,
1239 721 1354 818 impe·

302 829 413 902 raria
430 829 522 904 Deo.

87 953 289 1066 ¹³,j¹b{,t⁸‘³⁰¹¹⁸ffi„ae
356 951 412 1017 18.
440 943 484 1015 In
501 942 727 1017 contrarium
746 955 872 1016 autem
892 943 1124 1040 interrogare
1145 944 1229 1041 quis
1247 959 1353 1042 pote-

88 1033 137 1077 Ν
154 1033 224 1064 mu
301 1055 363 1144 rit,
392 1056 524 1152 primo,
555 1080 603 1129 an
629 1080 705 1130 non
732 1069 907 1153 sequatur
936 1057 1184 1132 obediendum
1209 1059 1353 1132 civitati

301 1191 391 1256 esse,
410 1170 441 1243 si
459 1169 598 1243 directe
618 1169 777 1268 imperat
801 1171 922 1244 Deum
948 1172 1173 1244 contumelia
1191 1173 1352 1262 afficere,

299 1282 358 1354 vel
375 1283 567 1380 prohibeat
585 1282 715 1356 colere.
768 1284 873 1374 Dico,
891 1309 968 1357 non
991 1284 1106 1381 sequi,
1124 1309 1248 1380 neque
1273 1309 1353 1358 esse

300 1396 557 1469 obediendum.
609 1396 707 1468 Nam
738 1395 962 1469 contumelia
991 1397 1148 1486 afficere,
1179 1407 1351 1471 autnon

300 1509 450 1582 omnino
469 1509 600 1599 colere,
624 1534 647 1581 a
663 1508 809 1582 nemine
827 1508 984 1605 intelligi
996 1520 1120 1604 potest
1140 1533 1209 1606 pro
1237 1511 1351 1584 modo

299 1623 455 1696 colendi.
508 1625 638 1719 Neque
663 1622 775 1696 etiam
791 1623 923 1695 habuit
940 1622 1134 1718 quisquam
1152 1627 1241 1696 ante
1261 1624 1347 1696 civi·

298 1734 420 1808 tatem
431 1737 681 1824 constitutam,
701 1760 828 1808 eorum
842 1736 905 1831 qui
922 1735 1043 1807 Deum
1059 1759 1217 1832 regnare
1237 1761 1352 1834 agno-

297 1859 441 1939 verunt,
464 1851 524 1945 jus
549 1849 711 1944 negandi
737 1850 916 1922 honorem
941 1847 1012 1942 ipsi
1037 1847 1124 1920 inde
1153 1848 1345 1923 debitum:

297 1986 417 2059 neque
436 1987 524 2059 ergo
539 1965 599 2058 jus
626 1963 715 2035 talia
737 1961 943 2058 imperandi
959 1961 999 2032 in
1017 1961 1208 2034 civitatem
1226 1973 1351 2036 trans-

296 2072 393 2147 ferre
410 2076 541 2170 potuit.
594 2074 748 2164 Deinde,
766 2075 797 2147 si
814 2083 1014 2170 quaeratur,
1029 2098 1078 2146 an
1096 2074 1350 2149 obediendum

298 2188 438 2260 civitati
463 2189 521 2277 sit,
549 2189 579 2262 si
604 2190 760 2284 imperet
785 2188 924 2284 aliquid
950 2187 1023 2260 dici
1048 2187 1107 2260 vel
1132 2188 1228 2277 fieri,
1248 2189 1347 2284 quod

298 2311 455 2373 nonest
482 2300 620 2374 directe
646 2302 686 2373 in
711 2300 781 2375 Dei
808 2300 1081 2387 contumeliam,
1108 2299 1174 2372 sed
1201 2326 1250 2374 ex
1277 2327 1349 2398 quo

296 2437 364 2508 per
402 2414 721 2488 ratiocinationem
762 2415 1035 2509 consequentiae
1070 2416 1349 2490 contumeliosae

296 2539 449 2623 possunt
467 2528 648 2611 derivari3
675 2529 789 2601 veluti
807 2528 838 2601 si
855 2527 1066 2624 imperetur,
1086 2529 1207 2600 Deum
1226 2529 1358 2602 colere.

297 2641 363 2713 sub
378 2641 550 2739 imagine,
570 2667 695 2716 coram
705 2642 762 2732 iis,
777 2641 840 2738 qui
853 2640 890 2712 id
908 2641 989 2713 fieri
1005 2641 1253 2714 honorificum
1269 2667 1348 2715 esse

294 2763 449 2849 putant;
477 2767 577 2828 certe
603 2754 832 2828 faciendum*
851 2765 920 2827 est.
974 2754 1107 2826 Cultus
1126 2755 1228 2828 enim
1246 2757 1349 2830 insti·

335 2967 352 3000 r
368 2956 451 3013 Certe
457 2953 628 3030 faciendum
642 2957 709 3029 est]
738 2955 873 3013 Diximus
887 2955 989 3031 capitis
1002 2955 1150 3029 praesentis
1165 2957 1291 3014 articulo
1298 2957 1348 3015 de·

296 3047 373 3104 cimo
383 3057 495 3122 quart0‚
507 3050 557 3123 qui
571 3047 636 3106 Deo
647 3048 784 3106 terminos
795 3047 965 3116 attribuunt,
974 3045 1070 3103 facere
1080 3064 1129 3102 eos
1140 3054 1244 3105 contra
1254 3049 1347 3124 legem

296 3139 333 3195 de
346 3139 425 3196 cultu
437 3139 494 3197 Dei
504 3141 672 3198 naturalem.
711 3139 787 3208 lam,
798 3140 849 3216 qui
859 3138 957 3196 Deum
967 3138 1066 3195 colunt
1079 3138 1134 3194 sub
1143 3139 1280 3215 imagine,
1292 3149 1347 3198 ter·

296 3231 388 3287 minos
407 3231 447 3288 illi
468 3239 615 3302 statuunt;
641 3231 751 3289 faciunt
772 3249 842 3307 ergo
863 3230 942 3306 quod
965 3229 1130 3286 faciendum
1153 3249 1213 3287 non
1232 3239 1295 3303 est;
1318 3240 1348 3291 et

294 3323 376 3380 locus
396 3324 444 3381 hic
466 3325 554 3399 priori
575 3325 771 3382 videturesse
792 3323 961 3381 contrarius.
1003 3321 1159 3380 Sciendum
1184 3323 1276 3398 igitur
1295 3333 1347 3392 est,

295 3415 398 3490 primo,
409 3434 466 3472 non
477 3415 549 3482 illos,
559 3416 610 3492 qui
624 3416 744 3491 imperio
754 3415 847 3473 coacti
858 3415 899 3472 sic
911 3413 1018 3481 colunt,
1030 3412 1097 3470 Deo
1107 3414 1245 3472 terminos
1258 3417 1347 3492 assig-

295 3527 374 3575 nare,
388 3509 437 3566 sed
452 3510 502 3584 qui
515 3509 665 3583 imperant.
705 3507 782 3566 Nam
792 3509 843 3584 qui
853 3508 934 3564 inviti
946 3506 1053 3574 colunt,
1064 3523 1165 3562 revera
1175 3505 1285 3576 colunt,
1295 3508 1345 3564 sed

296 3619 331 3657 eo
344 3602 372 3657 in
387 3601 452 3658 loco
462 3610 538 3658 stant
552 3601 596 3657 vel
610 3601 813 3675 procumbunt,
822 3599 852 3656 in
863 3618 921 3674 quo
932 3599 996 3655 loco
1007 3607 1083 3655 stare
1097 3598 1142 3654 vel
1152 3599 1345 3674 procumbere

295 3710 313 3749 a
326 3692 453 3770 legitimo
467 3694 625 3768 imperante
635 3692 708 3768 jussi
726 3700 801 3749 sunt.
842 3691 985 3758 Secundo,
1000 3689 1165 3747 faciendum
1186 3710 1250 3749 esse
1270 3692 1344 3760 dieo,

295 3802 352 3841 non
373 3803 486 3859 semper
505 3793 534 3842 et
554 3784 671 3859 ubique,
685 3785 735 3841 sed
755 3783 903 3859 supposito
924 3782 1032 3838 nullam
1050 3781 1135 3838 aliam
1153 3800 1216 3840 esse
1230 3783 1344 3840 colendi

295 3875 393 3933 Deum
406 3877 535 3953 regulam
549 3883 653 3952 praeter
663 3876 819 3933 dictamina
828 3874 962 3931 humanae
974 3874 1108 3940 rationis3
1126 3891 1195 3930 nam
1209 3883 1281 3932 tunc
1293 3894 1344 3932 vo-

293 3966 389 4025 luntas
402 3970 525 4026 civitatis
539 3987 592 4044 pro
606 3969 716 4026 ratione
730 3976 781 4026 est.
816 3969 859 4025 At
869 3968 899 4024 in
911 3985 1000 4043 reguo
1011 3965 1069 4023 Dei
1083 3983 1135 4040 per
1145 3973 1273 4040 pactum,
1282 3967 1343 4022 sive

294 4060 446 4134 antiquum
466 4062 526 4118 sive
546 4079 662 4129 novum,
681 4060 732 4117 ubi
753 4077 885 4134 expresse
909 4058 1078 4133 prohibetur
1098 4056 1270 4124 idololatria,
1288 4059 1342 4114 etsi

296 4150 395 4208 civitas
408 4153 450 4209 sic
464 4154 558 4211 colere
567 4152 677 4229 jubeat,
692 4159 788 4209 tamen
802 4150 966 4209 faciendum
981 4168 1037 4207 non
1055 4157 1104 4206 est.
1147 4149 1222 4213 Quae
1235 4150 1259 4206 si
1273 4168 1342 4206 con·

295 4242 469 4313 sideraverit,
481 4248 531 4320 qui
541 4245 759 4320 repugnantiam
770 4244 882 4318 putavit
895 4261 956 4298 esse
964 4242 1089 4316 aliquam
1102 4241 1177 4298 iuter
1186 4241 1341 4300 articulum

295 4331 372 4390 hunc
387 4344 416 4392 et
428 4335 572 4392 decimum
585 4343 729 4411 quartum,
744 4336 784 4392 ita
796 4342 897 4410 putare
911 4333 1030 4391 desinet.
