2912 4912
278 306 345 370 164
663 321 877 376 mnnnras.

78 521 175 572 sm.
190 521 244 572 ur.
268 487 373 584 jora
391 488 568 562 naturalis
597 489 878 564 fundamentum
894 488 1056 585 primum
1073 498 1141 579 est,
1153 500 1195 565 ut
1211 491 1317 589 quia·

91 597 233 704 *ζ
273 601 472 699 quesitam
485 611 524 674 et
546 601 709 675 membro
726 627 796 675 suo
813 612 989 700 quautam
999 612 1132 700 potest
1150 613 1314 678 tucatur.

60 738 219 816 rugianam
325 721 360 788 8.
389 713 574 788 Quoniam
590 726 715 789 autem
729 716 790 811 jus
816 715 865 788 ad
888 715 999 787 finem
1026 714 1165 790 frustra
1190 717 1314 809 habet,

61 803 235 912 fflssfflffi,
276 827 336 899 cui
349 829 417 923 jus·
428 825 476 899 ad
494 827 616 901 media
629 827 835 900 necessaria
852 826 1067 922 denegatur,
1086 853 1315 927 consequens

276 950 345 1026 est,
359 963 443 1013 oum
459 942 709 1038 unusquisque
723 965 761 1014 se
775 940 1016 1014 conservandi
1030 942 1090 1036 jus
1107 943 1255 1033 habeat,
1271 955 1316 1017 ut

275 1053 528 1149 unusquisque
545 1054 605 1149 jus
623 1054 734 1127 etiam
750 1054 885 1127 habeat
906 1053 1037 1127 utendi
1059 1054 1225 1128 omuibus
1242 1081 1315 1130 me-

275 1164 365 1254 diis,
383 1175 427 1239 et·
439 1167 581 1264 agendi
598 1192 735 1240 omnem
753 1168 947 1256 actionem,
966 1167 1047 1240 siae
1063 1193 1139 1266 quo
1166 1195 1316 1244 conaer-

276 1301 367 1351 oare
383 1302 424 1351 ae
440 1304 511 1352 aon
521 1290 664 1378 potest.

61 1409 222 1455 Jurennurali
328 1401 363 1466 9.
392 1393 526 1466 Utrum
543 1404 666 1467 autem
683 1394 815 1490 media,
834 1395 964 1491 quibus
981 1418 1115 1469 usurus
1133 1397 1317 1494 quispiam

59 1487 242 1598 iidlfflm
277 1517 345 1597 est,
363 1516 401 1580 et
417 1507 514 1580 actio
543 1532 652 1605 quam
671 1519 820 1582 acturus
848 1520 916 1597 est,
934 1509 981 1581 ad
1000 1511 1317 1584 conservationem

63 1605 265 1715 fflfflffl
276 1621 433 1694 vitaevel
449 1622 698 1696 membrorum
709 1645 859 1696 suorum
875 1623 1081 1696 necessaria
1093 1623 1168 1696 sint
1184 1648 1315 1716 necne,

276 1734 360 1832 ipse
373 1735 754 1831 jurenaturalijudec
766 1746 834 1809 est.
863 1735 902 1809 Si
916 1736 1014 1808 enim
1028 1753 1158 1810 contra
1174 1749 1318 1813 rectam

275 1850 457 1930 rationem
481 1849 539 1939 sit,
556 1861 601 1922 ut
624 1848 670 1921 de
692 1850 841 1945 proprio
857 1850 1020 1945 periculo
1037 1849 1117 1946 ipse
1139 1851 1317 1947 judicem,

271 1962 414 2059 judicet
429 1962 533 2035 alius,
585 1961 772 2037 Quoniam
797 1986 884 2059 ergo
911 1963 1002 2036 alius
1026 1963 1171 2060 J‘udicat
1198 1965 1245 2039 de
1272 1966 1318 2041 iis

275 2077 385 2150 rebus
410 2099 492 2171 quae
516 2075 564 2148 ad
591 2100 651 2149 me
678 2086 857 2171 spectant,
889 2076 1018 2148 eadem
1044 2078 1200 2168 ratione,
1230 2081 1319 2177 quia

276 2189 435 2285 aequales
462 2200 596 2262 natura
613 2212 750 2278 sumus,
766 2188 940 2285 judicabo
967 2213 1036 2287 ego
1064 2190 1110 2263 de
1132 2191 1177 2265 iis
1205 2195 1318 2268 rebus

278 2326 362 2398 quae
388 2300 436 2375 ad
462 2302 582 2398 ipsum
612 2311 792 2398 spectant.
850 2304 979 2400 Itaque
1007 2315 1119 2379 rectae
1149 2307 1318 2400 rationis„

278 2415 349 2489 hoc
367 2427 432 2502 est,
447 2415 540 2512 juris
556 2416 733 2489 naturalis
751 2427 817 2507 est,
834 2428 877 2490 ut
895 2441 963 2513 ego
982 2417 1028 2490 de
1045 2419 1141 2492 illius
1155 2420 1322 2516 judicem

278 2529 470 2618 sententia,
506 2529 646 2602 seilicet
686 2553 734 2602 an
768 2529 816 2602 ad
849 2531 1165 2606 conservationem
1199 2557 1323 2608 meam

278 2642 472 2732 conducat,
490 2665 617 2717 necne.

67 2765 194 2810 surena.
333 2763 388 2829 10.
416 2754 560 2827 Natura
583 2753 686 2828 dedit
715 2755 912 2853 unicuique
931 2758 1000 2852 jas
1018 2757 1057 2830 io
1073 2758 1222 2831 omnia:
1248 2760 1323 2833 hoc

67 2831 188 2874 raliomnia

67 2895 228 2940 ammaum.
279 2878 345 2957 est,
380 2868 419 2940 in
448 2868 570 2941 statul
599 2891 699 2941 mere
725 2869 898 2957 naturali,
926 2869 1003 2943 sive
1026 2883 1223 2966 antequam
1253 2872 1323 2946 ho-

320 3061 338 3097 *
348 3056 385 3111 Ia
397 3059 476 3112 stata
489 3073 562 3112 mere
575 3051 713 3124 natarali,
731 3053 795 3130 lja]
819 3053 887 3111 Hoc
898 3054 938 3111 ita
951 3054 1168 3132 intelligendum
1178 3064 1230 3125 est,
1241 3057 1323 3132 quod

279 3147 344 3224 quis
364 3145 465 3204 fecerit
485 3147 514 3202 in
534 3154 610 3204 statu
624 3164 702 3203 mere
717 3146 848 3215 naturali,
864 3145 891 3202 id
917 3145 1051 3222 injuriam
1073 3147 1181 3205 homini
1202 3148 1323 3224 quidem

280 3239 386 3295 nemini
401 3256 469 3316 esse.
509 3237 579 3296 Non
593 3238 671 3314 qnod
685 3239 715 3295 in
730 3238 778 3295 tali
792 3245 868 3295 statu
881 3257 1001 3314 peccare
1016 3240 1044 3296 in
1059 3237 1165 3308 Deum,
1179 3249 1231 3298 aut
1243 3241 1322 3319 leges

280 3330 422 3387 naturales
442 3329 550 3388 violare
568 3329 742 3405 impossibile
765 3330 810 3388 sit.
851 3328 927 3387 Nam
944 3328 1083 3406 injustitia
1102 3349 1171 3408 erga
1190 3333 1322 3394 homines

280 3423 416 3497 supponit
428 3422 505 3499 leges
518 3423 666 3491 humanas,
675 3421 774 3498 quales
787 3423 816 3478 iu
828 3429 904 3480 statu
917 3423 1039 3480 naturali
1053 3423 1139 3480 nullae
1152 3433 1229 3482 sunt.
1249 3425 1322 3484 Pro-

273 3514 428 3589 ,positionis
441 3521 537 3572 autem
549 3515 591 3572 sic
604 3511 754 3572 intellecta
763 3514 867 3571 veritas
880 3533 917 3571 ex
930 3514 1056 3572 articulis
1070 3514 1234 3575 immediate
1247 3537 1323 3594 prae·

281 3607 448 3664 cedentibus
468 3605 569 3664 lectori
592 3607 711 3664 memori
732 3606 801 3665 satis
822 3607 1015 3664 demonstrata
1035 3613 1087 3664 est.
1129 3605 1188 3665 Sed
1209 3610 1322 3685 quiain

280 3699 452 3776 quibusdam
466 3700 578 3758 casibus
592 3699 782 3758 conclusionis
802 3698 910 3756 dunum
930 3699 1141 3774 praemissarum
1153 3703 1323 3760 memoriam

280 3791 404 3868 expellit,
415 3791 585 3852 contrahere
595 3797 795 3867 argumentum
810 3790 883 3859 volo,
898 3809 1014 3867 unoque
1027 3791 1134 3850 intuitu
1148 3793 1238 3850 oculis
1253 3813 1323 3852 con·

280 3884 458 3960 spiciendum
468 3883 617 3961 subjicere.
658 3882 822 3959 Unicuique
832 3881 881 3959 jus
895 3890 975 3940 estse
984 3883 1180 3952 conservandi,
1188 3903 1242 3960 per
1255 3887 1322 3944 Art.

280 3977 308 4039 7.
350 3975 451 4034 Eidem
466 3994 535 4052 ergo
543 3974 592 4052 jus
606 3981 649 4032 est
662 3975 794 4032 omnibns
807 3975 850 4032 uti
866 3975 967 4032 mediis
987 3975 1023 4032 ad
1037 3993 1104 4032 eum
1121 3975 1209 4034 finem
1223 3995 1323 4036 necee-

280 4068 369 4136 sariis‚
390 4086 442 4143 per
455 4067 520 4124 Art.
534 4069 563 4126 8.
603 4065 704 4126 Media
724 4074 820 4124 autem
834 4067 993 4124 neccssaria
1010 4074 1085 4136 sunt,
1099 4086 1165 4141 quae
1178 4068 1240 4144 ipse
1253 4071 1323 4130 talia

281 4179 341 4218 esse
358 4157 510 4236 judicabit,
525 4178 577 4236 per
596 4159 661 4218 Art.
674 4163 702 4220 9.
744 4157 846 4217 Eidem
869 4177 938 4235 ergo
953 4158 1002 4234 jus
1015 4166 1059 4216 est
1071 4161 1168 4216 omnia
1182 4159 1278 4220 facere
1292 4171 1323 4221 et

278 4253 431 4328 possidere,
445 4272 510 4329 qua
524 4254 584 4329 ipse
600 4252 638 4310 ad
651 4253 694 4310 sui
709 4252 954 4310 conservationem
969 4252 1127 4310 necessaria
1138 4271 1198 4312 esse
1207 4253 1323 4331 judica·
