2904 4916
171 303 227 354 on
247 301 393 356 cnusrs
414 301 645 354 crvrrurmu
662 301 1038 357 orssouvsnrrnns.
1067 289 1135 357 291

92 467 322 541 concessisti.
347 466 559 540 Domiaiam
572 490 661 563 ergo
672 477 710 540 et
719 467 948 566 proprietas
959 479 1025 542 tua
1037 479 1144 542 tanta
1170 505 1269 556 snei,
1284 503 1337 554 111,

92 591 209 654 estet
225 579 367 654 tamdiu
388 579 509 668 durat,
527 591 666 675 quanta
692 591 730 654 et
757 581 932 676 quamdiu
953 581 1032 678 ipsa
1049 582 1140 655 vult.
1183 583 1325 688 „L

95 694 202 768 Sicut
218 694 258 766 in
273 693 423 782 familia„
449 692 609 766 filiorum
630 693 859 789 singulorum
869 695 1040 794 propria
1057 704 1144 769 sunt

93 809 207 898 bona,
243 830 326 902 quae
360 815 399 879 et
432 805 607 902 quamdiu
636 806 716 879 vult
747 817 865 904 pater.
918 807 993 881 Sed
1026 809 1144 882 multo

93 920 259 993 maxima
291 941 376 1016 pars
408 919 612 1006 hominum,
642 919 705 1015 qui
731 919 966 1016 prudentiam
1000 921 1145 995 civilem

93 1035 330 1130 profitentur,
358 1031 539 1104 rationem
572 1031 679 1105 aliter
713 1031 903 1130 coliigunt.
955 1033 1145 1130 AEquales‚

94 1147 282 1242 inquiunt,
299 1157 434 1218 natura
449 1167 598 1229 sumus;
624 1144 727 1220 nulla
739 1157 918 1219 causaest
934 1170 1048 1243 quare
1064 1147 1146 1243 quis

95 1285 177 1333 rem
193 1282 315 1332 meam
331 1258 423 1331 mihi
441 1257 592 1332 meliore
606 1260 690 1355 Jure
707 1259 861 1348 auferat,
879 1283 990 1356 quam
1006 1284 1076 1356 ego
1093 1260 1146 1334 illi

93 1397 223 1456 suam3
261 1372 395 1445 scimus
424 1371 473 1445 ad
505 1371 754 1446 defensionem
779 1371 964 1470 publicam
990 1374 1148 1470 pecunia

94 1485 295 1582 aliquando
314 1507 406 1582 opus
436 1509 540 1570 esse;
567 1484 634 1558 sed
662 1487 727 1581 qui
753 1510 836 1560 eam
862 1487 1026 1584 exigunt,
1055 1509 1147 1583 opus

94 1623 176 1672 esse
194 1608 414 1688 monstrent,
442 1611 482 1672 et
498 1623 522 1672 a
537 1599 744 1674 volentibus
771 1599 964 1696 accipient.
1017 1599 1148 1672 Nesci-

93 1723 176 1802 unt,
193 1713 260 1808 qui
281 1711 333 1786 sic
350 1711 564 1808 loquuntur,
582 1736 626 1785 ea
644 1736 726 1808 quae
751 1713 833 1785 fieri
848 1713 990 1803 volunt,
1004 1714 1083 1809 jam
1100 1714 1147 1786 ab

94 1825 202 1899 initio
236 1826 277 1898 in
309 1825 390 1920 ipsa
423 1825 582 1900 civitatis
616 1825 880 1900 constitutione
913 1826 1013 1900 facta
1046 1850 1146 1911 esse;

96 1939 257 2035 ideoque
274 1940 468 2036 loquentes
480 1951 658 2036 tauquam
674 1941 713 2012 in
724 1939 960 2015 multitudine
972 1939 1148 2014 dissoluta

95 2063 136 2125 et
152 2053 321 2126 nondum
334 2053 435 2126 faeta
449 2053 612 2142 civitate,
625 2051 762 2127 factam
780 2051 996 2127 dissoluant.

145 2175 182 2240 8.
211 2167 352 2240 Ultimo
369 2167 465 2257 loco,
482 2166 654 2264 regimini
680 2166 779 2240 civili
803 2167 1031 2257 adversatur,
1048 2191 1144 2263 prae-
1160 2192 1327 2268 suanm

93 2281 226 2352 sertim
255 2303 342 2353 vero
368 2281 616 2370 monarchiam
637 2279 739 2376 quod
764 2279 933 2354 homines
958 2303 1035 2354 non
1058 2258 1352 2366 Satisiiffiffm

92 2393 325 2490 distinguant
334 2393 432 2467 iuter
434 2392 663 2493 popalamet
672 2392 955 2467 multitudinem.
979 2387 1361 2496 Papulas{¹}{22¹3}gfflum

94 2518 152 2580 est
165 2531 276 2580 anam
290 2506 390 2602 quid,
404 2531 514 2580 anam
523 2507 664 2580 habens
677 2503 913 2594 volantatem,
924 2515 963 2577 et
975 2505 1035 2577 oui
1049 2506 1148 2578 actio

96 2645 169 2693 aaa
189 2619 343 2693 attribui
360 2619 487 2716 possit.
528 2619 682 2692 Nullum
698 2619 831 2695 horum
849 2616 894 2690 de
912 2617 1147 2690 multitudine

94 2733 169 2806 dici
185 2743 323 2829 potest.
363 2730 531 2831 Populus
544 2732 584 2804 in
601 2730 701 2804 omni
714 2729 864 2804 civitate
880 2741 1034 2826 regnam
1061 2753 1147 2802 nam

95 2857 132 2919 et
148 2847 189 2919 in
217 2845 446 2919 monarchiis
456 2842 625 2944 populas
643 2845 822 2941 imperat;
851 2844 931 2917 vult
955 2843 1053 2916 enim
1072 2869 1147 2942 po-

93 2958 208 3054 palus
236 2982 303 3055 per
328 2958 554 3031 voluntatem
579 2957 689 3030 anias
717 2955 884 3029 hominis.
938 2954 1148 3029 Multitudo

98 3097 183 3146 vero
207 3071 306 3146 cives
334 3083 432 3160 sunt,
461 3071 533 3144 hoc
563 3083 621 3144 est
647 3070 796 3144 subditi.
851 3071 894 3144 lu
913 3069 1148 3144 democratia

96 3197 135 3257 et
160 3173 436 3274 aristocratta,'
449 3184 548 3258 cives
576 3196 663 3257 sunt
690 3182 917 3268 multituda·
944 3183 1010 3257 sed
1040 3185 1149 3257 caria

95 3307 152 3370 est
162 3296 346 3396 papulas.
396 3297 444 3369 Et
460 3297 500 3368 in
517 3295 748 3386 monarchia,
766 3296 904 3370 subditi
921 3308 1008 3370 sunt
1024 3295 1150 3370 malti-

97 3411 199 3499 tado,
211 3421 263 3499 et,
275 3433 496 3505 quamquam
507 3409 742 3506 paradoxum
757 3409 815 3496 sit,
828 3434 898 3483 rea
909 3422 965 3484 est
968 3410 1096 3509 popul
1140 3468 1148 3483 .

100 3523 241 3620 Vulgus
258 3523 462 3612 homiuum,
484 3533 522 3596 et
546 3523 620 3612 alii,
638 3524 701 3619 qui
718 3524 799 3597 haec
824 3523 879 3598 ita
904 3547 982 3598 esse
1000 3523 1150 3597 minime

96 3636 409 3726 animadvertunt,
428 3636 473 3710 de
501 3661 638 3736 magna
660 3661 811 3710 numero
838 3637 1029 3711 hominum
1053 3661 1149 3710 sem-

98 3774 163 3845 per
195 3751 401 3848 loquuntur
429 3761 606 3845 tanquam
637 3749 683 3823 de
705 3749 863 3848 populo,
898 3749 969 3823 hoc
999 3762 1067 3840 est,
1103 3749 1149 3822 de

97 3864 253 3937 civitate
267 3891 281 3936 .·
327 3863 528 3958 dicuntque
562 3863 759 3940 rebellasse
794 3863 984 3936 civitatem
1018 3873 1150 3936 contra

99 4001 238 4075 regem,
265 3976 367 4074 quod
383 3988 439 4051 est
456 3977 702 4074 impossibile;
733 3989 772 4051 et
790 3975 973 4076 papulam
989 3975 1082 4048 velle
1112 3985 1150 4047 et

30 4137 31 4154 η
100 4091 207 4180 nolle,
223 4091 323 4188 quod
339 4091 469 4164 volunt
486 4103 526 4164 et
541 4091 672 4164 nolunt
689 4089 834 4163 molesti
852 4100 889 4163 et
913 4089 1149 4162 mussitantes

98 4203 237 4277 subditi
247 4206 315 4278 sub
325 4213 509 4300 praetextu
519 4203 671 4304 populi,
686 4203 785 4277 cives
799 4215 927 4278 contra
941 4203 1144 4292 civitatem,

981 4337 1036 4390 U2
