2904 4916
325 279 379 332 nn
401 279 580 334 oremus
601 279 918 336 suspensurum.
1029 253 1032 260 ’
1071 259 1146 342 297

474 598 636 674 CAPUT
661 597 769 674 XIII.

212 758 258 808 DE
278 759 424 810 osricus
444 759 570 811 EORUM
588 761 649 818 Qlll
669 759 826 811 SUlleUM
846 757 1027 810 lMl'ERlUM

474 873 759 924 ADMINISTRANT·

100 989 127 1044 1.
147 983 345 1062 Distinguitur
358 987 461 1044 summi
476 987 587 1064 imperii
596 986 646 1065 jus
659 987 696 1046 eb
710 986 857 1046 exercitio.
897 987 926 1045 2.
947 983 1030 1044 Solus
1049 983 1147 1062 populi

136 1095 270 1154 supreme
283 1076 338 1135 lex.
378 1081 406 1137 8.
427 1075 634 1154 Impemntium
649 1087 692 1136 est
705 1079 847 1154 respicere
866 1077 903 1134 sd
917 1075 1070 1135 utilitatem
1084 1076 1147 1152 piu·

137 1169 212 1226 rium
236 1187 428 1238 communem,
449 1189 506 1228 non
531 1170 568 1228 sd
590 1169 675 1247 hujus
689 1169 732 1228 vei
753 1168 828 1228 illius
849 1169 1003 1245 proprism.
1042 1172 1071 1228 4·
1093 1165 1150 1224 Per

135 1259 258 1318 sulutem
285 1258 404 1336 intelligi
432 1261 528 1320 omnis
554 1261 714 1320 commode.
763 1265 792 1322 5.
811 1261 959 1326 Qusritur
984 1277 1021 1318 sn
1048 1277 1149 1336 regum

137 1350 266 1408 officium
287 1351 325 1408 sit
348 1351 431 1410 ssiuti
455 1353 616 1412 animorum
629 1353 735 1412 civium
748 1369 866 1410 suorum
881 1350 1043 1428 providere,
1063 1359 1150 1427 prout

137 1441 206 1518 ipsis
220 1441 380 1500 seeundum
396 1444 600 1502 conscientiam
614 1445 760 1521 propriam
771 1444 912 1520 optimum
928 1442 1082 1502 videbitur.
1120 1447 1150 1504 6.

139 1533 223 1592 Seius
252 1532 352 1610 populi
378 1533 407 1590 in
431 1553 490 1612 quo
510 1535 655 1595 consistat.
698 1537 726 1598 7.
748 1533 954 1612 Exploratores
975 1535 1149 1594 necessarios

138 1645 200 1684 esse
213 1624 251 1682 sd
265 1623 462 1683 defensionem
475 1627 584 1702 popuii.
625 1629 653 1686 8.
675 1623 794 1694 Milites,
808 1643 897 1695 unns,
907 1625 1049 1702 presidis,
1062 1643 1150 1702 pseu·

137 1717 216 1774 nium
229 1723 360 1792 tempore
373 1717 453 1791 pseis
473 1723 574 1794 parete
595 1717 709 1786 hebere,
724 1717 914 1776 necessarium
935 1719 1022 1776 etism
1042 1717 1079 1775 sd
1101 1715 1150 1776 de·

139 1806 301 1866 lensionem
315 1808 424 1884 populi.
444 1811 473 1870 9.
494 1807 588 1868 Reots
600 1809 742 1868 institutio
756 1808 863 1866 nivium
876 1809 906 1866 in
920 1808 1052 1868 doetrinn
1064 1808 1151 1874 civili,

137 1899 203 1976 psci
228 1898 432 1958 conservandos
462 1901 629 1960 necessaris.
672 1903 716 1960 10.
746 1898 844 1958 Oners
864 1899 980 1976 publioe
1002 1900 1152 1978 equaliter

138 1989 322 2060 distribuere,
336 1991 401 2066 psoi
415 1990 617 2050 conservande
632 1990 822 2050 conducibile.
864 1995 910 2050 il.
931 1989 1088 2068 AEquitstis
1101 2009 1151 2050 ne·

140 2081 243 2140 tur-slis
257 2100 327 2150 esse,
342 2089 375 2140 ut
389 2083 518 2158 peeunim
533 2089 675 2151 texentur,
689 2101 742 2159 pro
755 2083 865 2140 ratione
876 2101 976 2141 eorum
995 2101 1061 2160 qum
1073 2083 1151 2159 quis·

138 2191 195 2251 que
209 2173 363 2242 consumit,
377 2191 435 2231 noo
448 2192 514 2251 qum
529 2174 664 2252 possidet.
687 2177 733 2235 12.
753 2171 804 2232 Ad
817 2192 918 2250 psoem
926 2174 1151 2234 conservandum

138 2264 314 2332 eonduoere,
337 2265 503 2324 ambitiosos
523 2283 675 2344 premeres
706 2269 751 2326 18.
773 2265 811 2324 Et
832 2265 971 2324 tentiones
986 2265 1151 2326 dissolvere.

140 2362 188 2418 14.
211 2356 260 2416 Ad
275 2355 493 2432 loeupletsndos
513 2357 591 2416 cives
612 2356 775 2416 eonduoere
793 2355 880 2434 leges,
895 2357 1000 2435 quibus
1013 2367 1089 2418 estes
1108 2359 1151 2416 iu·

138 2449 257 2508 orstivm
272 2447 431 2518 foveantur,
443 2457 472 2507 et
481 2449 587 2528 quibus
600 2457 711 2508 sumtus
724 2457 920 2508 eoemesntur.
941 2453 988 2510 15.
1011 2449 1076 2507 Non
1090 2469 1153 2510 esse

138 2541 222 2618 plum
249 2539 361 2617 legibus
385 2538 557 2610 deliniends,
585 2558 672 2620 quem
701 2541 826 2618 postulet
849 2541 955 2600 civium
977 2551 1006 2600 et
1029 2541 1153 2600 oivimtis

139 2631 333 2692 commodum.
377 2634 423 2690 16.
445 2631 549 2690 Poenns
570 2651 627 2690 non
650 2631 773 2709 mejeres
795 2631 948 2690 sumendus
975 2650 1062 2710 quem
1087 2652 1153 2710 quse

137 2725 252 2802 legibus
265 2723 415 2801 praeiinitae
428 2734 505 2783 sunt.
546 2725 592 2790 17.
613 2723 734 2784 Civibus
747 2732 849 2784 oontrs
863 2723 978 2800 judiees
999 2731 1151 2800 corruptos

133 2817 183 2894 jus
197 2815 387 2876 reddendum.

105 2945 134 3008 l.
161 2935 391 3010 Ansssnss
426 2959 471 3008 ex
505 2935 685 3009 huotenus
718 2932 827 3008 dietis
861 2935 899 3008 in
930 2957 1153 3032 unoquoque
1181 2969 1280 3026 sm,
1294 2971 1347 3026 111.

100 3049 263 3122 civitatis
288 3070 424 3144 genere
449 3049 575 3144 officia
599 3047 734 3122 civium
765 3058 804 3122 et
833 3047 1087 3134 subditorum
1114 3059 1153 3122 et
1192 3049 1335 3156 ,ζῇ

99 3160 192 3257 qnid
222 3159 355 3234 summi
382 3161 606 3256 imperantes
624 3161 663 3234 in
690 3184 753 3234 eos
763 3161 929 3260 possint.
983 3159 1152 3259 Ipsorum
1165 3189 1315 3246 nmmum

100 3286 227 3348 entem
243 3273 504 3369 imperantium
521 3275 659 3370 officia,
678 3285 716 3348 et
734 3298 807 3370 quo
831 3275 941 3349 modo
967 3275 1007 3350 in
1031 3256 1364 3380 subdi-Jffssi³{¹,?i,‘,‘,¹,³„

98 3400 158 3463 tos
185 3411 316 3486 gerere
346 3411 385 3462 se
416 3387 588 3478 debeant,
607 3388 774 3462 nondum
792 3387 932 3462 dietum
949 3401 1017 3464 est.
1070 3391 1153 3465 Dis·

98 3500 346 3600 tinguendum
363 3512 487 3576 eutem
505 3513 561 3576 est
585 3501 683 3576 inter
703 3503 836 3576 summi
863 3503 1007 3600 imperii
1029 3505 1099 3600 jer
1116 3516 1154 3580 et

99 3612 353 3696 exercitium,-
378 3625 531 3709 possunt
549 3612 647 3686 euim
674 3615 857 3710 seperar13
883 3627 927 3689 ut
944 3627 1044 3712 pute,
1069 3641 1153 3692 oum

100 3727 143 3816 is,
162 3725 227 3823 qui
244 3724 356 3798 habet
370 3726 451 3820 jus,
469 3726 527 3799 vel
544 3750 619 3800 non
636 3726 753 3824 possit
770 3727 829 3800 vel
846 3727 940 3802 nolit
956 3729 1081 3803 litibus
1093 3733 1155 3827 J'u-

102 3838 269 3914 dicendis
280 3837 338 3910 vel
349 3838 459 3911 rebus
471 3838 718 3914 deliberandis
729 3841 808 3937 ipse
818 3841 1006 3916 interesse.
1034 3843 1154 3940 Reges

104 3953 200 4026 enim
217 3951 417 4047 aliquando
429 3975 497 4048 per
509 3964 656 4027 aetntem
668 3977 727 4026 res
743 3978 871 4052 gerere
885 3979 961 4030 non
978 3969 1152 4053 possunt;

106 4065 327 4162 quandoque
344 4063 468 4152 etiem,
486 4067 555 4139 etsi
583 4075 748 4162 possunt,
767 4067 902 4142 rectius
932 4081 1057 4142 temen
1075 4093 1153 4142 esse

101 4179 282 4274 judicent,
303 4178 468 4252 contenti
487 4179 664 4260 electione
690 4179 941 4256 ministrorum
970 4193 1007 4256 et
1035 4183 1155 4258 consi-
