2896 4914
458 295 511 346 on
532 293 851 347 nrssouurronn.
1145 278 1166 343 5

122 487 199 535 non
216 463 263 534 ab
282 483 368 534 aere
388 483 482 557 puro
508 458 583 534 sive
607 460 756 550 aethere,
787 459 852 534 sed
876 483 921 532 ex
945 453 1167 556 corpusculis
1205 485 1302 544 sm
1318 493 1356 544 n.

123 576 164 647 in
194 575 276 670 ipso
305 574 535 648 fluitantibus
569 584 784 671 motumque
813 572 1034 646 habentibus
1068 572 1168 646 vitali
1210 571 1351 676 -ss-

121 688 243 761 motui
268 687 457 784 sanguinis
484 686 711 761 contrarium
734 697 939 761 nascuntur
956 685 1075 760 morbi
1092 685 1168 782 epi-

122 801 271 891 demici,
302 801 355 874 ita
386 825 431 874 ex
458 797 684 898 corpusculis
715 799 844 873 terreis
875 810 979 873 motu
1006 797 1169 896 praeditis

122 926 269 989 naturae
299 925 435 988 nostrae
463 937 627 1009 congruo
656 911 733 984 vita
762 924 800 985 et
830 925 952 986 motus
984 911 1170 1008 sauguinis

124 1029 273 1103 debitus
292 1028 541 1102 continuatur.

177 1151 212 1215 3.
241 1142 375 1215 Mortis
405 1152 539 1230 autem,
574 1139 613 1213 id
644 1152 701 1214 est
728 1140 942 1214 cessationis
970 1141 1168 1236 sanguinis,
1227 1163 1232 1174 ·
1338 1179 1350 1206 e

122 1266 264 1352 praeter
276 1255 352 1328 vim
364 1265 554 1329 externam
566 1253 677 1327 variae
694 1263 780 1327 sunt
797 1277 928 1328 causae.
969 1253 1022 1327 Ut
1037 1253 1168 1350 primo,

123 1392 299 1444 vasorum
324 1367 362 1440 in
388 1367 519 1464 quibus
544 1366 800 1441 circumfertur
826 1366 973 1462 sanguis
1004 1367 1170 1441 obstruc-

124 1483 258 1556 tioues.
286 1481 385 1554 Nam
397 1479 477 1554 fieri
489 1490 611 1575 potest
624 1503 691 1577 per
704 1479 973 1554 contumaciam
986 1481 1169 1554 musculo·

124 1592 530 1690 rumutviasanguiuis
543 1592 764 1666 obstruatur.
792 1593 1169 1668 Contumaciaautem

125 1708 378 1781 musculorum
406 1717 495 1779 tunc
526 1707 581 1796 fit,
608 1705 755 1804 quaudo
778 1707 911 1780 humor
937 1707 1068 1804 aliquis
1096 1709 1169 1782 vis-

126 1845 235 1894 cosus
266 1820 325 1894 vel
355 1844 526 1894 mucosus
556 1817 594 1892 in
617 1820 705 1918 ipsis
731 1821 906 1896 musculis
931 1823 1168 1920 congelatur;

126 1933 226 2007 unde
243 1935 288 2007 fit
304 1944 348 2006 ut
365 1934 513 2029 sanguis
531 1934 709 2007 arterialis
726 1959 792 2033 per
809 1936 961 2010 arterias
979 1935 1170 2034 capillares

126 2072 203 2121 non
220 2046 332 2120 modo
351 2046 544 2120 difficulter
567 2057 741 2138 trauseat,
766 2047 832 2121 sed
855 2048 966 2122 etiam
994 2073 1068 2123 non
1092 2051 1170 2124 siue

128 2160 347 2234 difficultate
373 2159 570 2256 recipiatur
598 2158 637 2233 in
668 2160 857 2257 capillares
887 2185 1010 2236 venas.
1063 2163 1170 2236 Unde

127 2274 263 2364 febres,
290 2284 329 2346 et
354 2271 393 2344 ni
417 2272 472 2345 vis
497 2283 618 2346 motus
644 2272 764 2346 cordis
789 2273 924 2366 vinem,
942 2299 1052 2350 mors.
1106 2277 1170 2350 Se-

130 2387 266 2475 cundo,
285 2386 316 2459 si
344 2386 500 2459 materia
523 2386 718 2482 purulenta
745 2387 867 2484 aliqua
893 2389 931 2462 iu
959 2389 1045 2487 ipsis
1072 2390 1172 2462 venis

131 2499 305 2597 sanguini
321 2499 481 2572 immista
495 2499 629 2590 fluitet,
652 2499 750 2572 idem
771 2501 841 2574 erit
858 2501 896 2575 in
913 2502 1090 2598 sanguiue
1107 2526 1172 2599 per

131 2614 285 2688 arterias
312 2613 352 2685 in
376 2611 560 2686 musculos
586 2612 819 2686 extrudendo
844 2613 964 2687 cordis
991 2614 1105 2705 labor,
1134 2615 1171 2688 id

132 2740 198 2817 est,
219 2725 347 2816 febris,
373 2743 410 2798 et
432 2725 692 2799 succumbente
716 2727 826 2800 corde
853 2751 963 2818 mors,
989 2727 1170 2818 vincente,

131 2842 257 2915 ulcera
273 2840 313 2912 in
331 2862 452 2929 carne,
475 2839 648 2913 nimirum
666 2865 688 2913 a
714 2839 868 2914 materia
893 2840 1089 2937 purulenta
1104 2865 1171 2938 per

132 2954 319 3027 musculos
344 2964 503 3026 extrusa.
556 2953 778 3050 Hujusmodi
802 2963 927 3026 autem
953 2953 1107 3027 materia
1134 2954 1173 3027 in

132 3068 234 3140 venis
252 3065 417 3140 nascitur
444 3066 661 3139 exulceratis
677 3097 685 3150 ;
713 3065 813 3162 quod
831 3066 912 3140 fieri
928 3076 1050 3164 potest
1067 3066 1113 3140 ab
1130 3067 1173 3140 iis

135 3179 360 3277 corpusculis
386 3203 468 3276 quae
493 3178 713 3253 hauriuntur
737 3204 804 3276 per
830 3181 1107 3278 respirationem
1137 3193 1174 3254 et

135 3293 314 3366 intrantia
335 3292 374 3365 in
401 3291 615 3388 sauguinem
639 3317 726 3367 vasa
748 3293 958 3384 corrodunt,
981 3294 1038 3367 vel
1056 3294 1174 3392 ipsum

138 3407 352 3503 sanguinem
378 3404 584 3501 coagulant,
613 3407 718 3480 utin
745 3407 880 3480 morbis
907 3408 1173 3503 pestilentibus.

138 3520 227 3592 Fieri
252 3518 365 3591 etiam
390 3528 513 3615 potest
538 3543 562 3591 a
586 3520 811 3616 corpusculis
837 3545 919 3616 quae
944 3521 982 3594 in
1009 3522 1091 3595 cibo
1116 3523 1174 3595 vel

138 3644 226 3727 potu
260 3629 509 3727 recipiuntur;
547 3655 641 3728 quae,
673 3656 758 3706 cum
787 3633 894 3731 chylo
928 3635 1105 3708 intrantia
1134 3637 1173 3709 in

139 3769 260 3834 venas,
277 3743 375 3840 ipsos
392 3744 615 3819 exulcerant.
669 3746 771 3820 Idem
789 3748 901 3820 etiam
918 3749 997 3822 fieri
1013 3760 1135 3846 potest
1152 3771 1175 3822 a

140 3880 260 3931 morsu
284 3868 495 3952 serpentum
519 3869 556 3931 et
582 3883 716 3932 canum
739 3860 962 3950 rabidorum,
979 3861 1078 3934 unde
1094 3863 1175 3934 vul-

140 3981 265 4044 nerata
289 3969 412 4066 aliqua
434 3994 539 4061 vena,
567 3973 623 4045 vel
649 3983 837 4071 utcunque
861 3999 1004 4048 veneno
1030 3975 1068 4048 in
1092 3999 1175 4050 san-

140 4083 288 4178 guinem
312 4083 432 4172 misso,
456 4085 499 4156 fit
523 4085 745 4158 exulceratio
771 4085 811 4160 in
839 4087 939 4160 venis
960 4087 1174 4184 sanguinem

141 4207 359 4270 venenatum
392 4197 663 4295 recipientibus.
722 4200 898 4296 Denique,
933 4201 1173 4298 undecunque
