2896 4914
290 327 335 395 54
452 353 457 366 ·
668 345 721 400 on
742 343 923 401 nonina.

1426 500 1431 612 l

104 540 199 598 srcr.
214 544 251 598 n.
286 515 405 588 nitum
439 535 545 590 onrra
572 518 678 591 ambo
713 516 837 615 anguli
866 513 991 591 visorii
1025 513 1248 589 conveniunt
1283 511 1323 586 in

109 625 249 729 ,ξω
287 653 398 702 onam
408 625 545 704 rectam
561 629 645 705 ΕΒ.
698 631 1129 730 ltaquepunctumBest
1139 637 1323 727 planctum

81 767 151 844 oeno
160 775 182 813 a
194 773 277 830 osan
287 746 553 818 evanescentia
557 774 571 830 ;
595 757 633 819 et
648 757 843 844 propterea
859 745 1035 842 imagines
1052 751 1275 840 punctorum
1285 739 1323 814 X
1430 781 1431 784 π

79 837 327 946 ssssp‘ffiefflet
344 853 594 956 Yubiounque
619 855 824 956 positorum
849 859 888 932 in
913 856 1095 954 parallelis
1121 855 1194 929 suis
1218 855 1257 928 X
1271 854 1322 942 H,

80 963 269 1079 [fffiffll
290 969 351 1042 YI
370 983 477 1044 erunt
493 973 532 1045 in
550 974 636 1062 BR,
656 975 686 1046 B
702 975 737 1048 S.
775 975 898 1049 Quare
915 977 1053 1071 puncta
1070 971 1107 1042 H
1120 981 1157 1043 et
1176 968 1192 1041 Ι
1210 993 1324 1065 appa-

290 1083 434 1172 rebunt,
447 1085 645 1180 Hquidem
661 1087 700 1159 in
717 1085 807 1176 BR,
819 1085 837 1158 I
847 1106 935 1158 vero
948 1073 987 1157 in
1001 1085 1032 1157 B
1044 1085 1081 1178 S.
1133 1083 1326 1179 Apparent

289 1221 376 1270 vero
391 1189 517 1270 eadem
538 1210 676 1295 puncta
692 1200 729 1271 H
757 1211 793 1271 et
810 1199 828 1271 I
845 1195 884 1271 in
900 1198 1097 1298 visoalibus
1114 1197 1205 1286 ΕΚ,
1224 1197 1254 1268 E
1269 1195 1300 1267 L
1315 1226 1324 1279 ;

289 1321 465 1406 apparent
478 1335 565 1408 ergo
582 1313 621 1385 in
638 1309 871 1402 sectionibus
890 1311 928 1385 id
946 1324 1002 1385 est
1018 1311 1057 1384 in
1075 1311 1118 1400 T,
1128 1311 1173 1397 V,
1191 1329 1325 1404 nempe

288 1435 465 1520 punctum
487 1420 524 1498 H
548 1425 586 1498 in
603 1423 645 1512 T,
663 1436 841 1522 punctum
867 1425 941 1498 Iin
957 1409 1002 1498 V.
1055 1423 1176 1498 Posito
1198 1423 1326 1520 itaquo

290 1536 444 1634 objecto,
469 1547 539 1612 eto.
578 1539 686 1614 Quod
704 1550 783 1612 erat
803 1537 1030 1612 faciendum·

339 1662 373 1726 6.
401 1647 522 1726 Posito
548 1655 691 1751 objecto
709 1677 818 1750 supra
835 1664 974 1726 rectam
987 1654 1021 1724 A
1034 1652 1074 1742 C,
1093 1649 1217 1726 locum
1243 1652 1326 1748 ejus

290 1779 526 1862 apparentem
536 1768 709 1842 invenire.
738 1766 794 1841 sit
804 1767 993 1864 speculum
1003 1766 1079 1863 (fig.
1094 1767 1131 1861 5)
1152 1765 1227 1839 ΕΑ
1239 1765 1270 1838 Β
1284 1765 1325 1857 C,

289 1892 414 1952 vertex
427 1882 470 1969 B,
489 1895 655 1954 centrum
671 1882 717 1972 D,
737 1881 863 1955 ocolus
876 1877 918 1953 Ε.
973 1879 1229 1976 Supponamus
1245 1903 1327 1952 rec-

291 2004 367 2066 tam
386 1995 419 2066 A
433 1995 462 2066 l]
476 1989 613 2069 reflecti
635 2019 701 2093 per
725 1995 807 2085 OE,
825 2005 862 2068 et
880 1993 954 2067 CA
966 2019 1032 2092 per
1048 1995 1083 2068 A
1095 1991 1137 2067 Ε
1189 1991 1327 2066 Praele-

291 2121 354 2179 rea
371 2131 613 2204 supponamus
638 2109 668 2181 Ε
683 2109 712 2180 F
726 2107 868 2182 reflecti
892 2130 958 2204 per
975 2109 1004 2181 F
1017 2107 1049 2182 G
1064 2099 1328 2206 perpendiculo

292 2219 387 2293 oculi
410 2221 631 2316 parallelam,
658 2232 842 2296 secantem
869 2220 945 2294 CA
975 2217 1192 2317 productam
1217 2221 1256 2293 in
1282 2221 1327 2294 G.

292 2325 349 2407 Sit
361 2335 438 2430 jam
463 2337 646 2432 objectum
658 2323 700 2409 'H
712 2337 742 2425 Ι,
756 2359 779 2410 a
792 2336 894 2431 cujus
918 2347 1056 2431 puncto
1072 2333 1264 2408 Hineidat
1287 2335 1329 2406 in

291 2449 478 2544 speculum
506 2441 588 2523 H'L
612 2474 693 2547 qnae
722 2451 932 2523 reflectatur
959 2447 1006 2520 ad
1034 2446 1077 2538 Ε,
1113 2447 1208 2520 sicut
1242 2457 1280 2520 et
1306 2473 1331 2521 a

290 2573 426 2660 puncto
449 2553 467 2636 Ι
490 2562 628 2638 incidat
646 2557 722 2650 lK,
746 2559 883 2636 reflexa
908 2561 1049 2659 etipsa
1072 2560 1120 2635 ad
1143 2561 1190 2642 Ε;
1217 2582 1329 2656 appa·

290 2674 422 2751 rebant
448 2677 560 2775 igitur
577 2677 613 2751 H
642 2678 681 2751 in
706 2690 810 2752 recta
838 2676 921 2767 ΕΙ,
941 2673 1021 2750 etl
1046 2675 1085 2748 in
1109 2683 1211 2748 recta
1237 2675 1327 2747 ΕΚ.

290 2785 480 2878 Ducantur
489 2795 566 2893 jam
582 2785 698 2889 per'H
713 2802 751 2865 et
768 2792 786 2864 I
803 2800 913 2864 reotae
932 2791 968 2863 H
984 2789 1037 2879 M,
1056 2789 1125 2862 IN
1142 2788 1328 2885 parallelae

289 2917 399 2980 rectae
413 2907 485 2979 ΕΒ
501 2939 510 2992 ;
538 2901 836 3003 supponaturque
847 2905 1033 3000 objectum
1052 2901 1120 2975 HI
1137 2901 1235 2975 inter
1247 2902 1328 2976 illas

289 3019 479 3117 parallelas
496 3014 676 3094 removeri
693 3020 791 3093 ultra
806 3029 944 3114 puncta
962 3018 1042 3107 H,I
1059 3017 1099 3090 in
1124 3013 1328 3102 infinitum;

290 3135 523 3236 manifestum
541 3141 607 3224 est,
634 3127 835 3206 incidentes
862 3127 899 3203 H
914 3122 956 3221 L,
987 3131 1052 3203 IK
1076 3129 1239 3204 facturos
1266 3155 1330 3204 an·

290 3243 395 3346 'gulos
415 3273 498 3322 cnm
514 3249 543 3338 F
555 3247 586 3321 G
603 3241 842 3344 insensibiles,
858 3257 896 3320 et
912 3256 986 3318 tres
1009 3244 1088 3318 illas
1113 3245 1228 3318 lineas
1246 3245 1328 3336 FG,

291 3355 329 3448 H
341 3364 382 3454 L,
401 3355 465 3436 ΓΚ
477 3353 614 3459 [φιοειᾶ
641 3361 789 3436 sensnm·
812 3355 1008 3436 coalituras
1037 3359 1077 3432 in
1101 3379 1217 3432 unum
1243 3361 1277 3434 G
1288 3361 1327 3448 F,

292 3487 329 3551 et
353 3478 419 3574 per
447 3489 670 3572 consequens
691 3465 826 3567 ,arcum
860 3463 948 3564 LK,
972 3484 1059 3570 post
1087 3473 1329 3547 remotionem

291 3589 425 3689 objecti
442 3579 633 3682 infinitam,
646 3588 812 3665 contrahi
823 3603 933 3686 atque
944 3611 1161 3661 evanescere
1178 3587 1328 3660 tandem

290 3706 329 3779 in
346 3717 485 3803 puncto
511 3705 550 3778 F.
602 3696 792 3779 Ducantur
820 3697 951 3777 deinde
969 3701 1041 3775 ΟΡ
1058 3696 1232 3800 parallelo
1259 3701 1327 3796 ipsi

291 3820 370 3910 IN,
390 3833 428 3893 et
444 3842 467 3893 a
482 3817 741 3917 perpendiculo
768 3814 864 3891 oculi
880 3815 1099 3890 tantundem
1125 3813 1277 3906 distans,
1292 3825 1329 3888 et

293 3933 372 4012 GQ
386 3933 560 4032 parallelo
581 3931 651 4029 ipsi
669 3925 705 4004 H
721 3931 775 4026 Μ,
793 3932 832 4004 in
857 3931 985 4006 eadem
1003 3929 1048 4002 ab
1067 3927 1163 4003 oculi
1175 3953 1328 4027 perpen-

293 4051 413 4124 diculo
425 4033 618 4122 distantia:
642 4049 894 4144 juganturque
908 4041 937 4118 F
950 4045 993 4134 G,
1012 4042 1096 4134 FO,
1111 4064 1192 4140 qnae
1204 4053 1328 4118 secent

292 4161 447 4238 visuales
464 4161 547 4252 EL,
565 4158 641 4235 ΕΚ
659 4161 741 4235 inL
758 4172 795 4236 et
812 4157 857 4234 R.
909 4155 1002 4234 Dico
1019 4159 1095 4232 Lll
1112 4177 1189 4234 esse
1206 4159 1326 4235 locum

292 4275 471 4373 imaginis,
490 4274 565 4349 sire
588 4274 710 4349 locum
727 4270 862 4373 objecti
879 4285 1127 4374 apparentem.

346 4390 529 4466 Quoniam
555 4389 653 4462 enim
677 4391 830 4488 angulus
857 4389 1011 4464 visorius
1036 4391 1153 4486 major
1184 4411 1325 4487 semper
