2904 4916
79 478 178 530 SECT.
192 477 245 532 111.

89 557 232 661 ᾧ

274 267 347 332 302
678 280 907 333 mnemon.

273 470 447 543 magnam
455 445 763 543 pecuniaevimab
773 447 984 520 homiuibus
993 447 1187 520 tenacibus
1199 449 1322 522 subito

274 559 480 634 corradere.
531 560 631 633 Nam
647 581 775 633 ornnes
795 560 885 651 fere,
904 561 1004 656 quod
1020 561 1135 634 semel
1151 562 1192 634 in
1213 563 1323 635 bouis

274 675 717 762 suisnumeraveruut,ita
726 699 833 747 suum
843 687 880 747 et
891 675 961 748 sibi
971 676 1165 771 proprium
1173 677 1323 770 esseju·

274 788 413 878 dicant,
430 797 474 861 ut
485 788 659 884 injuriam
676 788 746 861 sibi
762 787 844 860 fieri
855 800 1001 884 putent,
1018 789 1165 884 quoties
1181 789 1243 861 vel
1254 789 1323 860 mi-

272 902 412 974 nimam
425 902 504 997 ejus
520 913 666 997 partem
683 910 869 996 coguntur
888 901 929 973 in
949 901 1136 997 publicum
1155 925 1322 997 erogare.

273 1015 330 1088 Ex
357 1038 401 1087 eo
426 1024 565 1103 autem,
581 1013 681 1110 quod
697 1038 721 1088 a
736 1014 909 1111 portoriis
933 1024 972 1087 et
994 1038 1118 1086 rerum
1133 1015 1323 1088 venalium

272 1129 447 1224 vectigali
463 1128 513 1202 ad
528 1129 701 1200 aerarium
723 1127 879 1216 accedit,
896 1127 1054 1224 pecunia
1077 1128 1168 1200 satis
1186 1153 1324 1224 magna

273 1241 323 1315 ad
339 1241 526 1314 civitatem
543 1241 654 1313 armis
671 1239 939 1313 defendendam
956 1240 1078 1313 subito
1096 1241 1233 1314 confici
1249 1267 1324 1314 non

272 1367 408 1452 potest.
460 1353 619 1427 Pecunia
646 1353 771 1448 itaque
800 1353 889 1426 belli
917 1377 1040 1442 causa,
1071 1355 1103 1426 si
1133 1355 1324 1429 civitatem

274 1469 413 1542 salvam
439 1463 523 1541 ¹esse
548 1468 728 1556 volumus,
756 1478 925 1563 tempore
954 1467 1056 1563 pacis
1086 1469 1324 1565 congerenda

272 1593 341 1656 est.
394 1573 488 1655 Cum
517 1605 605 1676 ergo
636 1580 826 1676 explorare
852 1581 1015 1654 hostium
1035 1581 1202 1670 consilia,
1221 1607 1325 1656 arma

272 1705 311 1770 et
329 1696 501 1792 praesidia
517 1705 656 1784 tenere,
679 1694 874 1790 pecuniam
900 1694 941 1766 in
967 1705 1144 1790 promptu
1172 1696 1322 1786 habere,

271 1810 537 1906 imperantibus
564 1808 613 1882 ad
642 1809 797 1881 salutem
827 1808 963 1881 civium
990 1809 1200 1881 necessaria
1224 1809 1323 1893 sint;

272 1922 430 1995 salutem
447 1933 571 1995 autem
589 1922 723 1995 civium
751 1923 851 1995 omni
872 1931 1008 1994 conatu
1024 1946 1226 2018 procurare
1242 1924 1323 2020 lege

272 2048 415 2109 uaturae
441 2035 626 2132 principes
652 2045 872 2108 teneantur:
910 2033 1077 2131 sequitur
1105 2060 1184 2108 non
1211 2038 1324 2111 modo

271 2149 415 2221 licitum
432 2149 484 2222 eis
503 2172 582 2222 esse
595 2149 845 2245 exploratores
864 2149 1046 2237 emittere,
1060 2149 1198 2222 milites
1212 2151 1324 2238 alere,

271 2263 550 2360 propugnacula
566 2262 761 2353 aedificare,
776 2273 815 2336 et
830 2262 1025 2359 pecuniam
1041 2262 1082 2334 in
1094 2286 1158 2335 eas
1170 2287 1232 2336 res
1249 2264 1324 2336 exi-

270 2400 370 2473 gere,
388 2376 454 2450 sed
479 2377 591 2450 etiam
615 2400 660 2449 ea
685 2401 763 2449 non
790 2376 913 2449 facere
938 2375 1121 2448 illicitum.
1177 2377 1323 2451 Quibus

271 2491 384 2563 etiam
400 2489 488 2563 addi
511 2501 635 2587 potest
662 2487 839 2585 quicquid
859 2487 908 2561 ad
923 2489 1131 2584 potentiam
1148 2502 1323 2563 externo-

270 2629 365 2695 rum
383 2604 556 2701 aquibus
578 2612 761 2692 metutmt,
778 2602 837 2676 vel
856 2613 935 2674 arte
952 2602 1012 2674 vel
1027 2601 1064 2674 vi
1082 2602 1322 2674 minuendam

271 2720 478 2792 conducere
489 2716 693 2791 videbitur:
723 2716 934 2811 obligantur
943 2714 1043 2787 enim
1055 2725 1222 2788 rectores
1235 2715 1322 2788 eivi-

271 2843 391 2904 tatum
416 2831 524 2921 mala,
542 2855 626 2926 quae
653 2839 836 2918 metuunt,
855 2851 985 2901 curare
1012 2852 1081 2923 pro
1107 2828 1251 2901 viribus
1277 2852 1323 2900 nc

271 2944 503 3040 contingant.

320 3067 357 3131 9.
383 3056 444 3130 Ad
454 3057 774 3131 conservationem
784 3064 909 3129 autem
918 3054 1020 3150 pacis
1032 3055 1192 3128 interuae
1206 3055 1325 3128 multa

58 3147 146 3240 ‘mind
160 3147 192 3248 Ψ,
214 3148 249 3242 υἷέ
270 3173 521 3268 requiruntur,
555 3170 643 3266 quia
683 3169 801 3241 multa
838 3176 1077 3256 concurrunt,
1119 3177 1164 3239 ut
1201 3170 1325 3264 capite

58 3277 99 3304 ⁶⁰¹¹
150 3277 186 3370 ἶ
270 3284 505 3383 praecedente
533 3295 723 3357 ostensum
746 3290 814 3370 est,
841 3280 889 3352 ad
915 3302 997 3351 eam
1019 3279 1322 3374 perturbandam.

271 3399 512 3474 Ostendimus
530 3398 582 3470 ibi
595 3397 668 3469 alia
685 3419 763 3468 esse
781 3417 863 3491 quae
888 3392 1090 3488 disponunt
1106 3392 1252 3466 animos
1276 3394 1324 3466 ad

270 3514 499 3602 seditionem,
517 3511 591 3584 adia
608 3533 690 3606 quae
709 3508 904 3605 dispositos
921 3517 1072 3579 movent
1089 3516 1128 3579 et
1144 3508 1323 3580 excitant.

270 3630 373 3702 Inter
396 3651 452 3716 ea,
468 3649 551 3722 quae
576 3625 790 3720 disponunt,
803 3620 1077 3695 numeravimus
1094 3619 1216 3717 primo
1239 3620 1323 3693 loco

270 3742 447 3842 quasdam
476 3763 607 3837 pravas
637 3738 834 3810 doctrinas.
887 3736 967 3807 Has
996 3733 1111 3829 igitur
1134 3733 1324 3806 eradicare

270 3855 464 3930 exanimis
486 3853 635 3941 civium,
653 3860 692 3923 et
716 3849 921 3923 contrarias
946 3846 1135 3919 insinuare
1160 3847 1323 3919 officium

270 3993 397 4042 eorum
414 3979 481 4056 est,
500 3966 563 4062 qui
580 3989 724 4037 summa
740 3963 894 4060 imperia
906 3961 1177 4034 administrant.
1219 3961 1323 4035 Quo—

269 4082 369 4154 niam
382 4092 504 4154 autem
518 4078 711 4175 opiniones
721 4100 797 4149 non
810 4073 1038 4172 imperando,
1053 4072 1119 4146 sed
1130 4071 1321 4156 docendo;

269 4219 344 4267 uon
360 4207 502 4268 terrore
528 4216 733 4290 poenarum,
752 4191 818 4264 sed
841 4188 1104 4287 perspicuitate
1131 4188 1321 4262 rationum
