2904 4916
349 307 403 364 DE
423 307 603 364 LEGIBUS
622 307 674 362 ΕΤ
692 306 901 364 Punctum.
1077 293 1149 362 ³13

98 485 195 572 mus,'
214 477 375 556 sumitur
390 477 438 556 ab
453 479 544 579 ipen
561 501 606 554 re
616 503 699 578 quoe
715 477 939 579 praeoipitur.
975 476 1153 554 Mnunn-
1181 509 1278 565 sacr,
1292 509 1344 560 111.

101 603 343 670 nouantem
370 597 432 668 est
446 603 691 694 praeceptum,
717 593 765 668 in‘
783 616 855 691 quo
875 592 1031 690 parendi
1057 591 1153 668 ratio
1192 588 1336 696 ᾧ,

102 707 262 787 sumitur
289 707 531 784 oooluntate
556 707 835 808 proecipientio.
887 706 1039 805 Proprie
1055 708 1154 781 euim

102 845 178 896 nou
190 820 339 913 dicitur,
357 821 414 895 oio
430 821 525 913 volo,
543 820 823 917 oicjobeo,‘nisi
841 831 914 894 stet
928 843 997 918 pro
1011 819 1154 895 ratione

103 933 291 1010 volontas.
320 933 414 1009 Cum
430 957 518 1009 vero
535 933 679 1032 legibus
697 933 890 1009 obediatur
906 957 983 1008 non
1003 945 1156 1032 proptor

105 1072 185 1122 rem
215 1047 345 1144 ipsam,
369 1047 434 1122 sed
462 1059 616 1146 proptor
642 1047 870 1124 voluntatem
895 1047 1156 1144 praeeipientis‚

106 1161 169 1236 teo
186 1184 263 1235 uon
292 1161 496 1253 consilium,
524 1161 588 1236 sed
616 1161 832 1236 mandatum
862 1170 940 1246 eso
965 1160 1158 1236 'definitur-

107 1299 179 1374 que
196 1275 269 1348 hoo
286 1275 417 1350 modo:
446 1298 529 1351 unx
548 1285 603 1350 est
629 1273 843 1350 mandatnm
870 1275 951 1370 ejus
976 1296 1159 1372 persono,

106 1389 186 1464 sine
202 1388 360 1464 hominio
378 1389 457 1464 sive
475 1389 603 1482 corice,
622 1389 727 1484 cujus
740 1397 974 1486 praeceptum
998 1387 1161 1462 continet

108 1501 329 1577 obedientioe
356 1502 551 1577 rationem.
605 1501 658 1576 Ut
684 1512 870 1598 praecepta
897 1501 966 1575 Dei
989 1511 1159 1597 respectu

107 1615 313 1705 hominum,
328 1614 486 1690 civitatis
504 1623 676 1713 respectu
690 1614 836 1702 civium,
851 1625 888 1688 et
905 1613 1163 1688 universaliter

109 1729 275 1804 omnium
288 1727 496 1826 potentium
506 1739 677 1827 respectu
687 1749 826 1820 eorum,
838 1727 901 1824 qui
915 1750 990 1802 uon
1002 1739 1163 1825 possunt

109 1845 294 1934 resistere,
309 1865 436 1918 eorum
449 1844 550 1942 leges
565 1841 730 1918 dioendoe
748 1851 845 1916 sunt.
873 1841 1059 1916 Differont
1073 1842 1163 1938 'ergo

110 1956 352 2034 multifariam
374 1956 471 2033 inter
497 1981 537 2032 so
568 1957 632 2032 leo
649 1965 687 2031 et
705 1954 910 2031 consilium.
960 1955 1045 2030 Leo
1063 1955 1164 2030 enim

112 2074 191 2169 ejus
218 2082 286 2162 est,
305 2071 368 2168 qui
394 2081 617 2169 potestatem
641 2071 754 2146 habet
771 2069 810 2144 in
828 2093 890 2145 eos
914 2070 1046 2168 quibus
1071 2095 1166 2169 proe-

112 2184 226 2282 cipit:
266 2183 458 2258 consilium
486 2187 577 2281 eino,
604 2184 667 2284 qui
690 2195 916 2282 potestatem
936 2209 1013 2260 uon
1040 2184 1164 2282 habet.

114 2299 250 2374 Facere
280 2297 319 2370 id
345 2296 445 2395 quod
471 2297 559 2399 lege
583 2297 798 2396 praeoipitur
815 2297 943 2394 officii,
962 2298 1062 2398 quod
1081 2323 1165 2372 oon-

112 2411 214 2502 silio,
242 2407 399 2486 arbitrii
426 2423 494 2487 ost.
549 2409 753 2487 Consilium
780 2413 953 2509 dirigitur
979 2413 1028 2488 ad
1054 2414 1167 2488 finem

112 2527 193 2622 ejus
212 2524 273 2598 oui
292 2523 555 2624 praecipitum
582 2524 644 2600 lex
661 2538 786 2602 autom
803 2525 852 2600 ad
877 2527 990 2601 finem
1007 2527 1086 2622 ejus
1103 2527 1169 2625 qni

52 2679 56 2686 ·
107 2638 308 2738 proecipit.
364 2637 566 2714 Consilium
580 2664 655 2714 non
667 2639 741 2715 nisi
750 2639 958 2715 volentibus
970 2639 1090 2729 datur,
1106 2639 1168 2713 leo

114 2751 228 2826 etiam
254 2749 475 2826 nolentibus.
520 2753 688 2851 Denique
709 2753 771 2851 jus
793 2751 1008 2828 consiliarii
1025 2751 1169 2827 tollitur

114 2865 269 2940 arbitrio
296 2867 386 2964 ejuS,
418 2866 478 2942 oui
505 2865 700 2942 consilinm
725 2865 812 2942 dat:
834 2869 896 2965 jus
926 2864 1168 2964 legislatoris

112 3003 188 3054 non
206 2979 351 3056 tollitur
367 2981 520 3056 arbitrio
546 2983 624 3078 ejus
648 2981 708 3056 oui
728 2981 930 3080 imponitur
943 2979 1030 3056 ‘leo

162 3103 199 3170 2.
227 3093 371 3194 Legem
396 3106 622 3195 compacto
649 3095 883 3173 confundunt
910 3093 949 3186 ii,
978 3093 1041 3193 qui
1067 3093 1168 3192 leges
1181 3099 1297 3214 gfff
1342 3173 1364 3214 o

112 3218 249 3304 putant
259 3207 351 3283 nihil
362 3209 464 3285 aliud
474 3233 553 3286 esso
563 3233 675 3308 quom
685 3207 930 3310 ὁμολογήματα,
941 3209 1018 3284 sivo
1027 3208 1167 3284 formu·
1300 3183 1370 3230 Μ’

113 3321 168 3396 loo
185 3321 347 3413 vivendi,
379 3324 568 3404 communi
584 3347 765 3401 consensu
782 3324 973 3400 hominum
991 3324 1166 3399 determi-

113 3445 233 3510 natas.
276 3435 379 3511 Inter
390 3461 484 3535 quos
502 3447 557 3512 ost
573 3439 792 3514 Aristoteles
803 3437 865 3536 qui
880 3437 934 3534 (in
945 3437 1166 3514 Praefatione

114 3548 335 3625 Rhetorioes
359 3549 409 3625 od
428 3551 694 3650 Alexandrum)
722 3552 843 3653 legem
867 3551 939 3626 hoo
963 3549 1075 3626 modo
1102 3552 1166 3628 do-

113 3663 216 3738 finit:
246 3663 357 3756 Νόμος
374 3659 438 3736 ἐστὶ
455 3665 560 3763 λόγος
586 3667 758 3762 ὡρισμένος
775 3663 847 3738 καθ
865 3661 1044 3764 ὁμολογίαν
1058 3667 1166 3748 κοινὴν

114 3778 254 3867 πόλεως,
285 3777 411 3868 μηνῦων
434 3781 503 3860 πῶς
528 3775 575 3852 δεῖ
598 3781 747 3877 πράττειν
772 3777 908 3870 ἕκαστα,
939 3777 978 3852 id
1008 3788 1075 3869 est,
1104 3777 1167 3852 lex

114 3900 172 3965 est
207 3888 335 3964 oratio
370 3889 526 3986 definito
551 3893 670 3987 juxto
703 3916 916 3968 commum
950 3916 1168 3966 communem

114 4001 298 4094 civitatis,
317 4001 491 4079 indicam
508 4005 686 4103 quomodo
699 4005 854 4106 singola
871 4014 1022 4106 oportet
1035 4029 1166 4104 agere.

115 4116 211 4192 Quae
228 4115 394 4192 definitio
413 4129 563 4193 nonest
580 4118 682 4220 legio
705 4120 930 4219 simpliciter,
948 4118 1013 4195 sod
1031 4118 1166 4195 civilis.

114 4229 357 4308 Manifestum
373 4230 474 4307 enim
490 4241 558 4326 est,
577 4232 685 4334 leges
703 4233 852 4310 divinas
868 4257 945 4310 non
970 4256 1049 4310 esse
1067 4243 1167 4310 ortos
