<?xml version="1.0" encoding="UTF-8"?>
<!DOCTYPE html PUBLIC "-//W3C//DTD XHTML 1.0 Transitional//EN"
    "http://www.w3.org/TR/xhtml1/DTD/xhtml1-transitional.dtd">
<html xmlns="http://www.w3.org/1999/xhtml" xml:lang="en" lang="en">
 <head>
  <title>
</title>
<meta http-equiv="Content-Type" content="text/html;charset=utf-8" />
  <meta name='ocr-system' content='tesseract 3.04.00' />
  <meta name='ocr-capabilities' content='ocr_page ocr_carea ocr_par ocr_line ocrx_word'/>
</head>
<body>
  <div class='ocr_page' id='page_1' title='image "./thomhobbesmalme09hobbgoog_0188.png"; bbox 0 0 2834 4912; ppageno 0'>
   <div class='ocr_carea' id='block_1_1' title="bbox 157 303 1116 388">
    <p class='ocr_par' dir='ltr' id='par_1_1' title="bbox 157 303 1116 388">
     <span class='ocr_line' id='line_1_1' title="bbox 157 303 1116 388; baseline 0.004 -16"><span class='ocrx_word' id='word_1_1' title='bbox 157 321 215 373; x_wconf 80' lang='lat' dir='ltr'>nn</span> <span class='ocrx_word' id='word_1_2' title='bbox 234 321 344 375; x_wconf 72' lang='lat' dir='ltr'>neon</span> <span class='ocrx_word' id='word_1_3' title='bbox 364 323 542 376; x_wconf 66' lang='lat' dir='ltr'>urinum</span> <span class='ocrx_word' id='word_1_4' title='bbox 561 323 685 376; x_wconf 75' lang='lat' dir='ltr'>cruor</span> <span class='ocrx_word' id='word_1_5' title='bbox 705 323 990 378; x_wconf 73' lang='lat' dir='ltr'>oonrnrcrus.</span> <span class='ocrx_word' id='word_1_6' title='bbox 1045 303 1116 388; x_wconf 76' lang='lat'>17³</span> 
     </span>
    </p>
   </div>
   <div class='ocr_carea' id='block_1_2' title="bbox 70 488 1314 707">
    <p class='ocr_par' dir='ltr' id='par_1_2' title="bbox 70 488 1314 707">
     <span class='ocr_line' id='line_1_2' title="bbox 70 488 1314 584; baseline 0.001 -22"><span class='ocrx_word' id='word_1_7' title='bbox 70 511 166 579; x_wconf 87' lang='lat' dir='ltr'>eum,</span> <span class='ocrx_word' id='word_1_8' title='bbox 184 490 250 584; x_wconf 90' lang='lat' dir='ltr'>qni</span> <span class='ocrx_word' id='word_1_9' title='bbox 266 489 316 563; x_wconf 83' lang='lat' dir='ltr'>ad</span> <span class='ocrx_word' id='word_1_10' title='bbox 332 501 502 570; x_wconf 86' lang='lat' dir='ltr'>mutuum</span> <span class='ocrx_word' id='word_1_11' title='bbox 518 491 739 566; x_wconf 81' lang='lat' dir='ltr'>beneficium</span> <span class='ocrx_word' id='word_1_12' title='bbox 754 515 829 566; x_wconf 91' lang='lat' dir='ltr'>non</span> <span class='ocrx_word' id='word_1_13' title='bbox 844 501 1046 579; x_wconf 81' lang='lat' dir='ltr'>teneretur,</span> <span class='ocrx_word' id='word_1_14' title='bbox 1063 488 1117 562; x_wconf 86' lang='lat' dir='ltr'>sio</span> <span class='ocrx_word' id='word_1_15' title='bbox 1146 521 1244 575; x_wconf 60' lang='lat' dir='ltr'>snm,</span> <span class='ocrx_word' id='word_1_16' title='bbox 1258 521 1314 574; x_wconf 81' lang='lat' dir='ltr'>rn.</span> 
     </span>
     <span class='ocr_line' id='line_1_3' title="bbox 70 601 1300 707; baseline 0.001 -32"><span class='ocrx_word' id='word_1_17' title='bbox 70 601 182 675; x_wconf 82' lang='lat' dir='ltr'>vellet</span> <span class='ocrx_word' id='word_1_18' title='bbox 196 603 314 676; x_wconf 79' lang='lat' dir='ltr'>verba</span> <span class='ocrx_word' id='word_1_19' title='bbox 330 605 408 700; x_wconf 76' lang='lat' dir='ltr'>ejus</span> <span class='ocrx_word' id='word_1_20' title='bbox 424 603 593 702; x_wconf 83' lang='lat' dir='ltr'>intelligi,</span> <span class='ocrx_word' id='word_1_21' title='bbox 607 617 651 677; x_wconf 92' lang='lat' dir='ltr'>ut</span> <span class='ocrx_word' id='word_1_22' title='bbox 663 604 887 702; x_wconf 83' lang='lat' dir='ltr'>obligaretur</span> <span class='ocrx_word' id='word_1_23' title='bbox 899 605 990 701; x_wconf 81' lang='lat' dir='ltr'>ipse.</span> <span class='ocrx_word' id='word_1_24' title='bbox 1041 601 1118 675; x_wconf 89' lang='lat' dir='ltr'>Ne·</span> <span class='ocrx_word' id='word_1_25' title='bbox 1155 601 1300 707; x_wconf 37' lang='grc'>,34</span> 
     </span>
    </p>
   </div>
   <div class='ocr_carea' id='block_1_3' title="bbox 69 714 1334 4213">
    <p class='ocr_par' dir='ltr' id='par_1_3' title="bbox 69 714 1120 1693">
     <span class='ocr_line' id='line_1_4' title="bbox 70 714 1117 814; baseline -0.001 -25"><span class='ocrx_word' id='word_1_26' title='bbox 70 739 142 812; x_wconf 84' lang='lat' dir='ltr'>qne</span> <span class='ocrx_word' id='word_1_27' title='bbox 154 716 315 790; x_wconf 76' lang='lat' dir='ltr'>rationis</span> <span class='ocrx_word' id='word_1_28' title='bbox 329 728 396 808; x_wconf 83' lang='lat' dir='ltr'>est,</span> <span class='ocrx_word' id='word_1_29' title='bbox 408 729 452 790; x_wconf 88' lang='lat' dir='ltr'>ut</span> <span class='ocrx_word' id='word_1_30' title='bbox 464 717 528 814; x_wconf 88' lang='lat' dir='ltr'>qni</span> <span class='ocrx_word' id='word_1_31' title='bbox 542 719 623 792; x_wconf 82' lang='lat' dir='ltr'>aliis</span> <span class='ocrx_word' id='word_1_32' title='bbox 635 717 742 792; x_wconf 81' lang='lat' dir='ltr'>facile</span> <span class='ocrx_word' id='word_1_33' title='bbox 755 719 851 791; x_wconf 87' lang='lat' dir='ltr'>bene</span> <span class='ocrx_word' id='word_1_34' title='bbox 864 717 1004 806; x_wconf 84' lang='lat' dir='ltr'>volunt,</span> <span class='ocrx_word' id='word_1_35' title='bbox 1016 714 1117 789; x_wconf 92' lang='lat' dir='ltr'>omni</span> 
     </span>
     <span class='ocr_line' id='line_1_5' title="bbox 70 828 1117 926; baseline -0.002 -24"><span class='ocrx_word' id='word_1_36' title='bbox 70 829 253 925; x_wconf 82' lang='lat' dir='ltr'>promisso</span> <span class='ocrx_word' id='word_1_37' title='bbox 279 841 498 926; x_wconf 83' lang='lat' dir='ltr'>praesentem</span> <span class='ocrx_word' id='word_1_38' title='bbox 522 831 695 904; x_wconf 81' lang='lat' dir='ltr'>affectum</span> <span class='ocrx_word' id='word_1_39' title='bbox 719 841 878 904; x_wconf 79' lang='lat' dir='ltr'>testante</span> <span class='ocrx_word' id='word_1_40' title='bbox 895 828 1117 926; x_wconf 84' lang='lat' dir='ltr'>obligentur.</span> 
     </span>
     <span class='ocr_line' id='line_1_6' title="bbox 72 940 1119 1040; baseline -0.002 -24"><span class='ocrx_word' id='word_1_41' title='bbox 72 945 119 1016; x_wconf 82' lang='lat' dir='ltr'>Et</span> <span class='ocrx_word' id='word_1_42' title='bbox 128 953 332 1039; x_wconf 76' lang='lat' dir='ltr'>propterea</span> <span class='ocrx_word' id='word_1_43' title='bbox 342 943 542 1040; x_wconf 85' lang='lat' dir='ltr'>promissor</span> <span class='ocrx_word' id='word_1_44' title='bbox 551 943 635 1017; x_wconf 79' lang='lat' dir='ltr'>talis</span> <span class='ocrx_word' id='word_1_45' title='bbox 646 943 848 1017; x_wconf 87' lang='lat' dir='ltr'>deliberare</span> <span class='ocrx_word' id='word_1_46' title='bbox 857 940 1119 1038; x_wconf 86' lang='lat' dir='ltr'>intelligendus</span> 
     </span>
     <span class='ocr_line' id='line_1_7' title="bbox 72 1054 1118 1154; baseline -0.003 -24"><span class='ocrx_word' id='word_1_47' title='bbox 72 1069 139 1146; x_wconf 74' lang='lat' dir='ltr'>est,</span> <span class='ocrx_word' id='word_1_48' title='bbox 158 1069 199 1130; x_wconf 87' lang='lat' dir='ltr'>et</span> <span class='ocrx_word' id='word_1_49' title='bbox 214 1069 361 1130; x_wconf 87' lang='lat' dir='ltr'>mutare</span> <span class='ocrx_word' id='word_1_50' title='bbox 377 1058 548 1131; x_wconf 82' lang='lat' dir='ltr'>affectum</span> <span class='ocrx_word' id='word_1_51' title='bbox 562 1081 683 1154; x_wconf 88' lang='lat' dir='ltr'>posse,</span> <span class='ocrx_word' id='word_1_52' title='bbox 698 1054 1007 1154; x_wconf 80' lang='lat' dir='ltr'><strong>quemadmodum</strong></span> <span class='ocrx_word' id='word_1_53' title='bbox 1024 1065 1062 1128; x_wconf 87' lang='lat' dir='ltr'>et</span> <span class='ocrx_word' id='word_1_54' title='bbox 1074 1055 1118 1144; x_wconf 85' lang='lat' dir='ltr'>is,</span> 
     </span>
     <span class='ocr_line' id='line_1_8' title="bbox 70 1167 1119 1266; baseline -0.003 -23"><span class='ocrx_word' id='word_1_55' title='bbox 70 1171 132 1243; x_wconf 86' lang='lat' dir='ltr'>oni</span> <span class='ocrx_word' id='word_1_56' title='bbox 147 1171 394 1266; x_wconf 81' lang='lat' dir='ltr'>promittitur,</span> <span class='ocrx_word' id='word_1_57' title='bbox 419 1183 563 1244; x_wconf 85' lang='lat' dir='ltr'>mutare</span> <span class='ocrx_word' id='word_1_58' title='bbox 585 1171 758 1244; x_wconf 85' lang='lat' dir='ltr'>meritum</span> <span class='ocrx_word' id='word_1_59' title='bbox 774 1181 910 1266; x_wconf 79' lang='lat' dir='ltr'>potest.</span> <span class='ocrx_word' id='word_1_60' title='bbox 963 1169 1037 1243; x_wconf 75' lang='lat' dir='ltr'>Qui</span> <span class='ocrx_word' id='word_1_61' title='bbox 1055 1167 1119 1240; x_wconf 87' lang='lat' dir='ltr'>de-</span> 
     </span>
     <span class='ocr_line' id='line_1_9' title="bbox 71 1279 1119 1379; baseline 0 -25"><span class='ocrx_word' id='word_1_62' title='bbox 71 1283 208 1355; x_wconf 84' lang='lat' dir='ltr'>lrberat</span> <span class='ocrx_word' id='word_1_63' title='bbox 224 1293 362 1370; x_wconf 84' lang='lat' dir='ltr'>autem,</span> <span class='ocrx_word' id='word_1_64' title='bbox 385 1293 539 1356; x_wconf 82' lang='lat' dir='ltr'>eatenus</span> <span class='ocrx_word' id='word_1_65' title='bbox 555 1281 648 1356; x_wconf 87' lang='lat' dir='ltr'>liber</span> <span class='ocrx_word' id='word_1_66' title='bbox 663 1295 734 1372; x_wconf 86' lang='lat' dir='ltr'>est,</span> <span class='ocrx_word' id='word_1_67' title='bbox 753 1305 873 1379; x_wconf 87' lang='lat' dir='ltr'>neque</span> <span class='ocrx_word' id='word_1_68' title='bbox 890 1279 1045 1354; x_wconf 82' lang='lat' dir='ltr'>donasse</span> <span class='ocrx_word' id='word_1_69' title='bbox 1063 1279 1119 1354; x_wconf 88' lang='lat' dir='ltr'>di·</span> 
     </span>
     <span class='ocr_line' id='line_1_10' title="bbox 72 1394 1118 1492; baseline 0.001 -25"><span class='ocrx_word' id='word_1_70' title='bbox 72 1395 182 1468; x_wconf 80' lang='lat' dir='ltr'>citnr.</span> <span class='ocrx_word' id='word_1_71' title='bbox 234 1395 348 1470; x_wconf 79' lang='lat' dir='ltr'>Quod</span> <span class='ocrx_word' id='word_1_72' title='bbox 365 1394 395 1468; x_wconf 88' lang='lat' dir='ltr'>si</span> <span class='ocrx_word' id='word_1_73' title='bbox 409 1394 602 1491; x_wconf 80' lang='lat' dir='ltr'>promittat</span> <span class='ocrx_word' id='word_1_74' title='bbox 619 1419 729 1492; x_wconf 82' lang='lat' dir='ltr'>saepe,</span> <span class='ocrx_word' id='word_1_75' title='bbox 752 1395 866 1469; x_wconf 87' lang='lat' dir='ltr'>donet</span> <span class='ocrx_word' id='word_1_76' title='bbox 881 1407 1005 1468; x_wconf 82' lang='lat' dir='ltr'>autem</span> <span class='ocrx_word' id='word_1_77' title='bbox 1021 1417 1118 1484; x_wconf 84' lang='lat' dir='ltr'>raro,</span> 
     </span>
     <span class='ocr_line' id='line_1_11' title="bbox 72 1505 1120 1598; baseline 0 -18"><span class='ocrx_word' id='word_1_78' title='bbox 72 1507 235 1582; x_wconf 75' lang='lat' dir='ltr'>levitatis</span> <span class='ocrx_word' id='word_1_79' title='bbox 250 1507 491 1582; x_wconf 81' lang='lat' dir='ltr'>condemnari</span> <span class='ocrx_word' id='word_1_80' title='bbox 509 1507 629 1596; x_wconf 81' lang='lat' dir='ltr'>debet,</span> <span class='ocrx_word' id='word_1_81' title='bbox 655 1533 725 1582; x_wconf 89' lang='lat' dir='ltr'>neo</span> <span class='ocrx_word' id='word_1_82' title='bbox 740 1509 865 1583; x_wconf 84' lang='lat' dir='ltr'>vocari</span> <span class='ocrx_word' id='word_1_83' title='bbox 882 1506 1036 1598; x_wconf 87' lang='lat' dir='ltr'>donans,</span> <span class='ocrx_word' id='word_1_84' title='bbox 1053 1505 1120 1581; x_wconf 88' lang='lat' dir='ltr'>sed</span> 
     </span>
     <span class='ocr_line' id='line_1_12' title="bbox 69 1621 184 1693; baseline 0.009 -1"><span class='ocrx_word' id='word_1_85' title='bbox 69 1621 184 1693; x_wconf 71' lang='lat' dir='ltr'>luam</span> 
     </span>
    </p>

    <p class='ocr_par' dir='ltr' id='par_1_4' title="bbox 70 1735 1318 2852">
     <span class='ocr_line' id='line_1_13' title="bbox 121 1735 1309 1859; baseline 0 -51"><span class='ocrx_word' id='word_1_86' title='bbox 121 1743 160 1808; x_wconf 89' lang='grc'>9.</span> <span class='ocrx_word' id='word_1_87' title='bbox 188 1735 357 1808; x_wconf 88' lang='lat' dir='ltr'>Duorum</span> <span class='ocrx_word' id='word_1_88' title='bbox 376 1747 500 1808; x_wconf 77' lang='lat' dir='ltr'>autem</span> <span class='ocrx_word' id='word_1_89' title='bbox 522 1735 581 1808; x_wconf 85' lang='lat' dir='ltr'>vel</span> <span class='ocrx_word' id='word_1_90' title='bbox 605 1735 765 1833; x_wconf 89' lang='lat' dir='ltr'>plurium</span> <span class='ocrx_word' id='word_1_91' title='bbox 781 1737 878 1831; x_wconf 80' lang='lat' dir='ltr'>juro</span> <span class='ocrx_word' id='word_1_92' title='bbox 894 1759 962 1809; x_wconf 85' lang='lat' dir='ltr'>sua</span> <span class='ocrx_word' id='word_1_93' title='bbox 986 1745 1117 1808; x_wconf 91' lang='lat' dir='ltr'>mutuo</span> <span class='ocrx_word' id='word_1_94' title='bbox 1127 1746 1244 1859; x_wconf 51' lang='lat' dir='ltr'>mg</span> <span class='ocrx_word' id='word_1_95' title='bbox 1244 1761 1309 1822; x_wconf 64' lang='grc' dir='ltr'>α»,</span> 
     </span>
     <span class='ocr_line' id='line_1_14' title="bbox 74 1817 1318 1946; baseline -0.002 -24"><span class='ocrx_word' id='word_1_96' title='bbox 74 1849 389 1946; x_wconf 48' lang='lat' dir='ltr'>transferentium</span> <span class='ocrx_word' id='word_1_97' title='bbox 421 1851 520 1924; x_wconf 81' lang='lat' dir='ltr'>aetio</span> <span class='ocrx_word' id='word_1_98' title='bbox 546 1861 701 1924; x_wconf 83' lang='lat' dir='ltr'>vocatur</span> <span class='ocrx_word' id='word_1_99' title='bbox 722 1851 1012 1923; x_wconf 72' lang='lat' dir='ltr'>Oonrnncrus.</span> <span class='ocrx_word' id='word_1_100' title='bbox 1072 1847 1119 1920; x_wconf 90' lang='lat' dir='ltr'>ln</span> <span class='ocrx_word' id='word_1_101' title='bbox 1252 1817 1318 1870; x_wconf 52' lang='grc' dir='ltr'>Μ</span> 
     </span>
     <span class='ocr_line' id='line_1_15' title="bbox 70 1961 1120 2059; baseline -0.001 -24"><span class='ocrx_word' id='word_1_102' title='bbox 70 1962 175 2035; x_wconf 91' lang='lat' dir='ltr'>omni</span> <span class='ocrx_word' id='word_1_103' title='bbox 192 1973 318 2035; x_wconf 81' lang='lat' dir='ltr'>antem</span> <span class='ocrx_word' id='word_1_104' title='bbox 334 1973 540 2052; x_wconf 79' lang='lat' dir='ltr'>contractu,</span> <span class='ocrx_word' id='word_1_105' title='bbox 563 1961 622 2035; x_wconf 89' lang='lat' dir='ltr'>vel</span> <span class='ocrx_word' id='word_1_106' title='bbox 638 1975 795 2059; x_wconf 87' lang='lat' dir='ltr'>uterque</span> <span class='ocrx_word' id='word_1_107' title='bbox 819 1962 944 2035; x_wconf 83' lang='lat' dir='ltr'>statim</span> <span class='ocrx_word' id='word_1_108' title='bbox 967 1971 1120 2057; x_wconf 73' lang='lat' dir='ltr'>prestat</span> 
     </span>
     <span class='ocr_line' id='line_1_16' title="bbox 73 2073 1121 2170; baseline -0.001 -23"><span class='ocrx_word' id='word_1_109' title='bbox 73 2075 111 2148; x_wconf 82' lang='lat' dir='ltr'>irl</span> <span class='ocrx_word' id='word_1_110' title='bbox 128 2073 266 2170; x_wconf 87' lang='lat' dir='ltr'>dequo</span> <span class='ocrx_word' id='word_1_111' title='bbox 283 2085 516 2148; x_wconf 84' lang='lat' dir='ltr'>oontraotnm</span> <span class='ocrx_word' id='word_1_112' title='bbox 539 2086 607 2165; x_wconf 83' lang='lat' dir='ltr'>est,</span> <span class='ocrx_word' id='word_1_113' title='bbox 633 2075 687 2149; x_wconf 81' lang='lat' dir='ltr'>ita</span> <span class='ocrx_word' id='word_1_114' title='bbox 707 2086 751 2148; x_wconf 92' lang='lat' dir='ltr'>ut</span> <span class='ocrx_word' id='word_1_115' title='bbox 777 2074 872 2149; x_wconf 85' lang='lat' dir='ltr'>alter</span> <span class='ocrx_word' id='word_1_116' title='bbox 896 2073 1005 2148; x_wconf 85' lang='lat' dir='ltr'>alteri</span> <span class='ocrx_word' id='word_1_117' title='bbox 1027 2073 1121 2147; x_wconf 87' lang='lat' dir='ltr'>nihil</span> 
     </span>
     <span class='ocr_line' id='line_1_17' title="bbox 71 2185 1121 2285; baseline 0 -25"><span class='ocrx_word' id='word_1_118' title='bbox 71 2187 301 2272; x_wconf 84' lang='lat' dir='ltr'>eonoredat;</span> <span class='ocrx_word' id='word_1_119' title='bbox 326 2187 386 2261; x_wconf 89' lang='lat' dir='ltr'>vel</span> <span class='ocrx_word' id='word_1_120' title='bbox 408 2188 503 2262; x_wconf 84' lang='lat' dir='ltr'>alter</span> <span class='ocrx_word' id='word_1_121' title='bbox 526 2200 689 2285; x_wconf 63' lang='lat' dir='ltr'>praestat</span> <span class='ocrx_word' id='word_1_122' title='bbox 714 2187 820 2262; x_wconf 86' lang='lat' dir='ltr'>alteri</span> <span class='ocrx_word' id='word_1_123' title='bbox 848 2187 1036 2273; x_wconf 61' lang='lat' dir='ltr'>creditum</span> <span class='ocrx_word' id='word_1_124' title='bbox 1060 2185 1121 2261; x_wconf 88' lang='lat' dir='ltr'>vel</span> 
     </span>
     <span class='ocr_line' id='line_1_18' title="bbox 72 2300 1121 2399; baseline -0.002 -24"><span class='ocrx_word' id='word_1_125' title='bbox 72 2312 206 2375; x_wconf 76' lang='lat' dir='ltr'>neuter</span> <span class='ocrx_word' id='word_1_126' title='bbox 232 2313 395 2397; x_wconf 81' lang='lat' dir='ltr'>praestat</span> <span class='ocrx_word' id='word_1_127' title='bbox 447 2302 522 2376; x_wconf 93' lang='lat' dir='ltr'>Ubi</span> <span class='ocrx_word' id='word_1_128' title='bbox 547 2315 704 2399; x_wconf 88' lang='lat' dir='ltr'>uterque</span> <span class='ocrx_word' id='word_1_129' title='bbox 729 2303 855 2376; x_wconf 76' lang='lat' dir='ltr'>statim</span> <span class='ocrx_word' id='word_1_130' title='bbox 881 2311 1044 2399; x_wconf 64' lang='lat' dir='ltr'>praestat,</span> <span class='ocrx_word' id='word_1_131' title='bbox 1069 2300 1121 2374; x_wconf 94' lang='lat' dir='ltr'>ibi</span> 
     </span>
     <span class='ocr_line' id='line_1_19' title="bbox 70 2413 1121 2511; baseline -0.002 -23"><span class='ocrx_word' id='word_1_132' title='bbox 70 2423 302 2503; x_wconf 68' lang='lat' dir='ltr'>contractus,</span> <span class='ocrx_word' id='word_1_133' title='bbox 321 2413 430 2488; x_wconf 89' lang='lat' dir='ltr'>simul</span> <span class='ocrx_word' id='word_1_134' title='bbox 456 2439 501 2488; x_wconf 81' lang='lat' dir='ltr'>eo</span> <span class='ocrx_word' id='word_1_135' title='bbox 527 2415 733 2511; x_wconf 85' lang='lat' dir='ltr'>praestitum</span> <span class='ocrx_word' id='word_1_136' title='bbox 759 2426 826 2506; x_wconf 87' lang='lat' dir='ltr'>est,</span> <span class='ocrx_word' id='word_1_137' title='bbox 854 2416 994 2489; x_wconf 86' lang='lat' dir='ltr'>finitur.</span> <span class='ocrx_word' id='word_1_138' title='bbox 1046 2413 1121 2488; x_wconf 93' lang='lat' dir='ltr'>Ubi</span> 
     </span>
     <span class='ocr_line' id='line_1_20' title="bbox 71 2526 1122 2625; baseline -0.003 -23"><span class='ocrx_word' id='word_1_139' title='bbox 71 2553 160 2602; x_wconf 81' lang='lat' dir='ltr'>vero</span> <span class='ocrx_word' id='word_1_140' title='bbox 175 2527 237 2602; x_wconf 82' lang='lat' dir='ltr'>vel</span> <span class='ocrx_word' id='word_1_141' title='bbox 253 2526 359 2601; x_wconf 85' lang='lat' dir='ltr'>alteri</span> <span class='ocrx_word' id='word_1_142' title='bbox 376 2528 435 2602; x_wconf 84' lang='lat' dir='ltr'>vel</span> <span class='ocrx_word' id='word_1_143' title='bbox 450 2529 600 2625; x_wconf 87' lang='lat' dir='ltr'>utrique</span> <span class='ocrx_word' id='word_1_144' title='bbox 622 2527 797 2620; x_wconf 84' lang='lat' dir='ltr'>ereditur,</span> <span class='ocrx_word' id='word_1_145' title='bbox 822 2529 875 2602; x_wconf 93' lang='lat' dir='ltr'>ibi</span> <span class='ocrx_word' id='word_1_146' title='bbox 890 2530 935 2619; x_wconf 89' lang='lat' dir='ltr'>is,</span> <span class='ocrx_word' id='word_1_147' title='bbox 962 2527 1022 2602; x_wconf 84' lang='lat' dir='ltr'>eui</span> <span class='ocrx_word' id='word_1_148' title='bbox 1042 2549 1122 2600; x_wconf 88' lang='lat' dir='ltr'>ore-</span> 
     </span>
     <span class='ocr_line' id='line_1_21' title="bbox 72 2640 1122 2739; baseline -0.003 -23"><span class='ocrx_word' id='word_1_149' title='bbox 72 2642 187 2731; x_wconf 79' lang='lat' dir='ltr'>ditur,</span> <span class='ocrx_word' id='word_1_150' title='bbox 204 2641 391 2738; x_wconf 88' lang='lat' dir='ltr'>promittit</span> <span class='ocrx_word' id='word_1_151' title='bbox 415 2665 455 2715; x_wconf 88' lang='lat' dir='ltr'>se</span> <span class='ocrx_word' id='word_1_152' title='bbox 475 2643 726 2739; x_wconf 65' lang='lat' dir='ltr'>praestiturum</span> <span class='ocrx_word' id='word_1_153' title='bbox 741 2653 882 2739; x_wconf 81' lang='lat' dir='ltr'>postea,</span> <span class='ocrx_word' id='word_1_154' title='bbox 899 2640 1122 2739; x_wconf 72' lang='lat' dir='ltr'>appellatin-</span> 
     </span>
     <span class='ocr_line' id='line_1_22' title="bbox 74 2753 818 2852; baseline 0.001 -23"><span class='ocrx_word' id='word_1_155' title='bbox 74 2779 147 2852; x_wconf 91' lang='lat' dir='ltr'>qne</span> <span class='ocrx_word' id='word_1_156' title='bbox 163 2753 377 2850; x_wconf 83' lang='lat' dir='ltr'>hujusmodi</span> <span class='ocrx_word' id='word_1_157' title='bbox 394 2755 614 2850; x_wconf 88' lang='lat' dir='ltr'>promissum</span> <span class='ocrx_word' id='word_1_158' title='bbox 632 2757 818 2830; x_wconf 71' lang='lat' dir='ltr'>Pronum,</span> 
     </span>
    </p>

    <p class='ocr_par' dir='ltr' id='par_1_5' title="bbox 74 2865 1334 4213">
     <span class='ocr_line' id='line_1_23' title="bbox 128 2865 1334 2990; baseline -0.004 -47"><span class='ocrx_word' id='word_1_159' title='bbox 128 2877 187 2943; x_wconf 84' lang='lat'>10.</span> <span class='ocrx_word' id='word_1_160' title='bbox 214 2869 376 2940; x_wconf 81' lang='lat' dir='ltr'>Pactum</span> <span class='ocrx_word' id='word_1_161' title='bbox 393 2879 518 2941; x_wconf 76' lang='lat' dir='ltr'>autem</span> <span class='ocrx_word' id='word_1_162' title='bbox 535 2867 634 2964; x_wconf 92' lang='lat' dir='ltr'>quod</span> <span class='ocrx_word' id='word_1_163' title='bbox 653 2869 699 2942; x_wconf 84' lang='lat' dir='ltr'>fit</span> <span class='ocrx_word' id='word_1_164' title='bbox 719 2869 768 2942; x_wconf 84' lang='lat' dir='ltr'>ab</span> <span class='ocrx_word' id='word_1_165' title='bbox 790 2891 847 2957; x_wconf 88' lang='lat' dir='ltr'>eo,</span> <span class='ocrx_word' id='word_1_166' title='bbox 864 2867 925 2941; x_wconf 86' lang='lat' dir='ltr'>oui</span> <span class='ocrx_word' id='word_1_167' title='bbox 947 2865 1121 2958; x_wconf 86' lang='lat' dir='ltr'>ereditur,</span> <span class='ocrx_word' id='word_1_168' title='bbox 1134 2879 1334 2990; x_wconf 49' lang='lat' dir='ltr'>{nucum</span> 
     </span>
     <span class='ocr_line' id='line_1_24' title="bbox 74 2957 1265 3079; baseline -0.001 -23"><span class='ocrx_word' id='word_1_169' title='bbox 74 3007 159 3056; x_wconf 82' lang='lat' dir='ltr'>oum</span> <span class='ocrx_word' id='word_1_170' title='bbox 177 3005 224 3055; x_wconf 87' lang='lat' dir='ltr'>eo</span> <span class='ocrx_word' id='word_1_171' title='bbox 247 2981 311 3077; x_wconf 88' lang='lat' dir='ltr'>qni</span> <span class='ocrx_word' id='word_1_172' title='bbox 328 2982 408 3078; x_wconf 82' lang='lat' dir='ltr'>jam</span> <span class='ocrx_word' id='word_1_173' title='bbox 431 2982 617 3079; x_wconf 60' lang='lat' dir='ltr'>praestitit,</span> <span class='ocrx_word' id='word_1_174' title='bbox 645 2982 788 3055; x_wconf 83' lang='lat' dir='ltr'>etiamsi</span> <span class='ocrx_word' id='word_1_175' title='bbox 808 2981 1001 3079; x_wconf 84' lang='lat' dir='ltr'>promissio</span> <span class='ocrx_word' id='word_1_176' title='bbox 1023 2959 1218 3056; x_wconf 62' lang='lat' dir='ltr'>faotell&#39;nll&#39;</span> <span class='ocrx_word' id='word_1_177' title='bbox 1227 2957 1265 2990; x_wconf 54' lang='grc' dir='ltr'>Μ</span> 
     </span>
     <span class='ocr_line' id='line_1_25' title="bbox 75 3093 1123 3191; baseline 0 -23"><span class='ocrx_word' id='word_1_178' title='bbox 75 3096 124 3168; x_wconf 87' lang='lat' dir='ltr'>sit</span> <span class='ocrx_word' id='word_1_179' title='bbox 138 3095 263 3168; x_wconf 78' lang='lat' dir='ltr'>verbis</span> <span class='ocrx_word' id='word_1_180' title='bbox 283 3093 485 3185; x_wconf 84' lang='lat' dir='ltr'>defuturo,</span> <span class='ocrx_word' id='word_1_181' title='bbox 510 3119 586 3169; x_wconf 92' lang='lat' dir='ltr'>non</span> <span class='ocrx_word' id='word_1_182' title='bbox 602 3096 722 3169; x_wconf 89' lang='lat' dir='ltr'>minus</span> <span class='ocrx_word' id='word_1_183' title='bbox 737 3095 853 3170; x_wconf 83' lang='lat' dir='ltr'>futuri</span> <span class='ocrx_word' id='word_1_184' title='bbox 870 3094 1046 3191; x_wconf 87' lang='lat' dir='ltr'>temporis</span> <span class='ocrx_word' id='word_1_185' title='bbox 1053 3095 1123 3189; x_wconf 73' lang='lat' dir='ltr'>juo</span> 
     </span>
     <span class='ocr_line' id='line_1_26' title="bbox 78 3207 1124 3306; baseline 0 -24"><span class='ocrx_word' id='word_1_186' title='bbox 78 3209 266 3298; x_wconf 83' lang='lat' dir='ltr'>transfert,</span> <span class='ocrx_word' id='word_1_187' title='bbox 283 3231 394 3304; x_wconf 81' lang='lat' dir='ltr'>quam</span> <span class='ocrx_word' id='word_1_188' title='bbox 411 3207 443 3280; x_wconf 91' lang='lat' dir='ltr'>si</span> <span class='ocrx_word' id='word_1_189' title='bbox 459 3207 558 3282; x_wconf 82' lang='lat' dir='ltr'>faeta</span> <span class='ocrx_word' id='word_1_190' title='bbox 574 3219 671 3282; x_wconf 85' lang='lat' dir='ltr'>esset</span> <span class='ocrx_word' id='word_1_191' title='bbox 682 3209 804 3282; x_wconf 89' lang='lat' dir='ltr'>verbis</span> <span class='ocrx_word' id='word_1_192' title='bbox 818 3207 864 3282; x_wconf 90' lang='lat' dir='ltr'>de</span> <span class='ocrx_word' id='word_1_193' title='bbox 875 3207 1051 3306; x_wconf 84' lang='lat' dir='ltr'>praesenti</span> <span class='ocrx_word' id='word_1_194' title='bbox 1062 3207 1124 3282; x_wconf 86' lang='lat' dir='ltr'>vel</span> 
     </span>
     <span class='ocr_line' id='line_1_27' title="bbox 79 3321 1123 3419; baseline 0 -23"><span class='ocrx_word' id='word_1_195' title='bbox 79 3321 279 3416; x_wconf 74' lang='lat' dir='ltr'>praeterito.</span> <span class='ocrx_word' id='word_1_196' title='bbox 316 3321 616 3395; x_wconf 85' lang='lat' dir='ltr'>Praestatioenim</span> <span class='ocrx_word' id='word_1_197' title='bbox 629 3322 775 3419; x_wconf 87' lang='lat' dir='ltr'>signum</span> <span class='ocrx_word' id='word_1_198' title='bbox 785 3321 1123 3397; x_wconf 83' lang='lat' dir='ltr'>manifestissimum</span> 
     </span>
     <span class='ocr_line' id='line_1_28' title="bbox 80 3435 1124 3532; baseline 0.004 -25"><span class='ocrx_word' id='word_1_199' title='bbox 80 3445 135 3507; x_wconf 71' lang='lat' dir='ltr'>ert</span> <span class='ocrx_word' id='word_1_200' title='bbox 160 3457 258 3525; x_wconf 87' lang='lat' dir='ltr'>eum,</span> <span class='ocrx_word' id='word_1_201' title='bbox 287 3435 351 3531; x_wconf 88' lang='lat' dir='ltr'>qui</span> <span class='ocrx_word' id='word_1_202' title='bbox 377 3435 564 3532; x_wconf 82' lang='lat' dir='ltr'>praestitit,</span> <span class='ocrx_word' id='word_1_203' title='bbox 589 3436 643 3509; x_wconf 81' lang='lat' dir='ltr'>ito</span> <span class='ocrx_word' id='word_1_204' title='bbox 669 3436 891 3511; x_wconf 84' lang='lat' dir='ltr'>intellexisse</span> <span class='ocrx_word' id='word_1_205' title='bbox 918 3439 1124 3511; x_wconf 85' lang='lat' dir='ltr'>orationem</span> 
     </span>
     <span class='ocr_line' id='line_1_29' title="bbox 81 3545 1124 3648; baseline 0.005 -29"><span class='ocrx_word' id='word_1_206' title='bbox 81 3545 243 3638; x_wconf 80' lang='lat' dir='ltr'>alterius,</span> <span class='ocrx_word' id='word_1_207' title='bbox 272 3547 333 3620; x_wconf 81' lang='lat' dir='ltr'>cui</span> <span class='ocrx_word' id='word_1_208' title='bbox 356 3547 541 3639; x_wconf 84' lang='lat' dir='ltr'>credebat,</span> <span class='ocrx_word' id='word_1_209' title='bbox 572 3561 749 3646; x_wconf 80' lang='lat' dir='ltr'>tanquam</span> <span class='ocrx_word' id='word_1_210' title='bbox 771 3550 928 3625; x_wconf 85' lang='lat' dir='ltr'>volentis</span> <span class='ocrx_word' id='word_1_211' title='bbox 948 3561 1124 3648; x_wconf 79' lang='lat' dir='ltr'>praestnre</span> 
     </span>
     <span class='ocr_line' id='line_1_30' title="bbox 82 3661 1123 3760; baseline 0.005 -27"><span class='ocrx_word' id='word_1_212' title='bbox 82 3661 254 3734; x_wconf 83' lang='lat' dir='ltr'>condicto</span> <span class='ocrx_word' id='word_1_213' title='bbox 276 3671 465 3757; x_wconf 74' lang='lat' dir='ltr'>tempore5</span> <span class='ocrx_word' id='word_1_214' title='bbox 491 3685 609 3759; x_wconf 87' lang='lat' dir='ltr'>eoque</span> <span class='ocrx_word' id='word_1_215' title='bbox 632 3663 738 3760; x_wconf 91' lang='lat' dir='ltr'>signo</span> <span class='ocrx_word' id='word_1_216' title='bbox 762 3665 937 3760; x_wconf 87' lang='lat' dir='ltr'>cognovit</span> <span class='ocrx_word' id='word_1_217' title='bbox 956 3665 989 3738; x_wconf 91' lang='lat' dir='ltr'>is</span> <span class='ocrx_word' id='word_1_218' title='bbox 1008 3663 1060 3736; x_wconf 88' lang='lat' dir='ltr'>sie</span> <span class='ocrx_word' id='word_1_219' title='bbox 1083 3685 1123 3738; x_wconf 85' lang='lat' dir='ltr'>se</span> 
     </span>
     <span class='ocr_line' id='line_1_31' title="bbox 83 3771 1123 3871; baseline 0.002 -26"><span class='ocrx_word' id='word_1_220' title='bbox 83 3771 257 3871; x_wconf 76' lang='lat' dir='ltr'>intelligi3</span> <span class='ocrx_word' id='word_1_221' title='bbox 285 3774 385 3870; x_wconf 88' lang='lat' dir='ltr'>quod</span> <span class='ocrx_word' id='word_1_222' title='bbox 398 3775 571 3870; x_wconf 80' lang='lat' dir='ltr'>quianon</span> <span class='ocrx_word' id='word_1_223' title='bbox 585 3777 755 3867; x_wconf 81' lang='lat' dir='ltr'>correxit,</span> <span class='ocrx_word' id='word_1_224' title='bbox 768 3777 886 3852; x_wconf 90' lang='lat' dir='ltr'>voluit</span> <span class='ocrx_word' id='word_1_225' title='bbox 900 3777 993 3851; x_wconf 90' lang='lat' dir='ltr'>fieri.</span> <span class='ocrx_word' id='word_1_226' title='bbox 1024 3775 1123 3848; x_wconf 86' lang='lat' dir='ltr'>Pro-</span> 
     </span>
     <span class='ocr_line' id='line_1_32' title="bbox 84 3886 1122 3988; baseline 0.003 -30"><span class='ocrx_word' id='word_1_227' title='bbox 84 3886 196 3959; x_wconf 75' lang='lat' dir='ltr'>missa</span> <span class='ocrx_word' id='word_1_228' title='bbox 219 3887 337 3984; x_wconf 90' lang='lat' dir='ltr'>igitur</span> <span class='ocrx_word' id='word_1_229' title='bbox 359 3911 443 3983; x_wconf 87' lang='lat' dir='ltr'>quae</span> <span class='ocrx_word' id='word_1_230' title='bbox 467 3887 574 3963; x_wconf 70' lang='lat' dir='ltr'>fiunt*</span> <span class='ocrx_word' id='word_1_231' title='bbox 584 3901 737 3988; x_wconf 86' lang='lat' dir='ltr'>propter</span> <span class='ocrx_word' id='word_1_232' title='bbox 760 3889 891 3964; x_wconf 82' lang='lat' dir='ltr'>bonum</span> <span class='ocrx_word' id='word_1_233' title='bbox 917 3899 1122 3985; x_wconf 80' lang='lat' dir='ltr'>acceptum,</span> 
     </span>
     <span class='ocr_line' id='line_1_33' title="bbox 84 4001 1123 4100; baseline 0 -26"><span class='ocrx_word' id='word_1_234' title='bbox 84 4021 163 4092; x_wconf 83' lang='lat' dir='ltr'>quae</span> <span class='ocrx_word' id='word_1_235' title='bbox 179 4011 218 4074; x_wconf 88' lang='lat' dir='ltr'>et</span> <span class='ocrx_word' id='word_1_236' title='bbox 234 4011 348 4097; x_wconf 79' lang='lat' dir='ltr'>pacta</span> <span class='ocrx_word' id='word_1_237' title='bbox 363 4015 461 4092; x_wconf 85' lang='lat' dir='ltr'>sunt,</span> <span class='ocrx_word' id='word_1_238' title='bbox 487 4003 595 4100; x_wconf 87' lang='lat' dir='ltr'>signa</span> <span class='ocrx_word' id='word_1_239' title='bbox 615 4015 703 4076; x_wconf 86' lang='lat' dir='ltr'>sunt</span> <span class='ocrx_word' id='word_1_240' title='bbox 724 4002 936 4091; x_wconf 69' lang='lat' dir='ltr'>voluntatis</span> <span class='ocrx_word' id='word_1_241' title='bbox 961 4001 1034 4076; x_wconf 88' lang='lat' dir='ltr'>hoc</span> <span class='ocrx_word' id='word_1_242' title='bbox 1054 4011 1123 4090; x_wconf 84' lang='lat' dir='ltr'>est,</span> 
     </span>
     <span class='ocr_line' id='line_1_34' title="bbox 84 4111 1123 4213; baseline 0.005 -30"><span class='ocrx_word' id='word_1_243' title='bbox 84 4111 199 4187; x_wconf 90' lang='lat' dir='ltr'>ultimi</span> <span class='ocrx_word' id='word_1_244' title='bbox 216 4127 322 4188; x_wconf 79' lang='lat' dir='ltr'>aetus</span> <span class='ocrx_word' id='word_1_245' title='bbox 336 4113 575 4206; x_wconf 87' lang='lat' dir='ltr'>deliberandi,</span> <span class='ocrx_word' id='word_1_246' title='bbox 590 4140 662 4213; x_wconf 91' lang='lat' dir='ltr'>quo</span> <span class='ocrx_word' id='word_1_247' title='bbox 676 4115 826 4191; x_wconf 86' lang='lat' dir='ltr'>libertas</span> <span class='ocrx_word' id='word_1_248' title='bbox 836 4139 912 4189; x_wconf 92' lang='lat' dir='ltr'>non</span> <span class='ocrx_word' id='word_1_249' title='bbox 924 4113 1123 4213; x_wconf 74' lang='lat' dir='ltr'>praestandi</span> 
     </span>
    </p>
   </div>
   <div class='ocr_carea' id='block_1_4' title="bbox 0 0 1434 4912">
    <p class='ocr_par' dir='ltr' id='par_1_6' title="bbox 0 0 1434 4912">
     <span class='ocr_line' id='line_1_35' title="bbox 0 0 1434 4912; baseline 0 0"><span class='ocrx_word' id='word_1_250' title='bbox 0 0 1434 4912; x_wconf 95' lang='lat' dir='ltr'> </span> 
     </span>
    </p>
   </div>
  </div>
 </body>
</html>
