2904 4912
107 493 207 544 SECT.
227 493 281 546 111.

125 570 269 676 L

96 709 192 756 Easdem
202 726 253 756 eon·

316 278 390 346 368
745 295 931 350 numero.

314 462 493 557 scriptum
509 485 626 558 usque
645 461 693 536 ad
710 462 966 560 captivitatem
982 488 1057 538 non
1076 467 1360 561 agnoscebatur,

312 600 425 672 penes
456 600 561 673 reges
589 577 701 650 etiam
730 589 811 651 erat
842 577 1044 651 auctoritas
1075 579 1361 678 interpretandi

310 691 460 764 verbam
470 691 558 764 Dei.
586 691 678 781 lmo,
690 691 870 787 siquidem
880 691 1034 764 verbum
1044 692 1114 764 Dei
1127 716 1196 790 pro
1208 693 1292 788 lege
1304 718 1361 765 re-

91 775 183 832 junctus
192 779 260 821 fuisse
333 805 341 819 .

94 841 118 882 r„
127 842 216 898 aab...
226 855 297 900 usp.
310 804 521 901 crpiendum
539 803 597 892 sit,
613 827 838 899 quamquam
854 805 984 877 fuisset
1002 804 1103 877 aliud
1120 807 1277 878 verbum
1292 808 1360 879 Dei

94 905 124 950 aa
133 907 288 964 captivitatem.

308 919 485 1015 scriptum
495 930 632 1014 praeter
644 917 1089 1016 legemMosaicam,cum
1100 917 1360 1015 interpretatio

306 1032 431 1129 legum
449 1042 544 1104 esset
560 1054 672 1127 penes
690 1055 806 1128 reges,
822 1031 1081 1128 interpretatio
1101 1033 1181 1128 ejus
1200 1033 1360 1107 debebat

306 1170 385 1219 esse
398 1169 512 1242 penes
523 1145 682 1219 eosdem.
713 1145 871 1220 Quando
882 1144 1224 1234 Deuteronomiam,
1236 1145 1276 1218 in
1288 1171 1359 1242 quo

308 1260 568 1334 continebatur
579 1259 641 1332 lea
653 1258 842 1348 Mosaica,
856 1258 967 1354 longo
980 1271 1147 1355 tempore
1159 1259 1359 1355 perditum,

306 1397 434 1446 rursus
450 1374 643 1446 inventum
657 1385 748 1462 erat,
763 1371 979 1444 consuluere
991 1372 1141 1466 quidem
1155 1373 1358 1448 Dominum

307 1487 517 1560 sacerdotes
545 1486 592 1559 de
619 1485 718 1558 libro
751 1483 843 1567 ala·
870 1506 946 1557 non
975 1497 1101 1556 autem
1132 1488 1357 1562 auctoritate

307 1625 384 1690 sua,
400 1600 465 1673 sed
481 1599 719 1695 praecipiente
736 1598 758 1671 J
761 1596 850 1685 osia,
864 1620 933 1669 nec
952 1596 1178 1686 immediate,
1198 1600 1266 1672 sed
1292 1608 1357 1698 per

307 1713 468 1787 Holdam
485 1713 766 1809 prophetissam.
810 1712 867 1784 Ex
885 1734 959 1806 quo
977 1726 1143 1807 apparet,
1157 1716 1356 1788 auctorita·

304 1842 381 1901 tem
411 1825 630 1900 admittendi
655 1824 773 1898 libros
800 1847 868 1923 pro
895 1822 1007 1895 aerbo
1034 1822 1112 1896 Dei
1142 1848 1221 1898 non
1244 1827 1355 1902 fuisse

303 1966 416 2038 penes
430 1941 677 2014 sacerdotem.
715 1941 845 2034 Neque
863 1949 988 2009 tamen
1006 1937 1173 2032 sequitur
1191 1943 1355 2014 auctori-

304 2065 420 2128 tatem
448 2055 547 2129 illam
574 2055 686 2128 fuisse
716 2076 830 2150 penes
858 2051 1152 2148 prophetissam3
1194 2055 1353 2150 quiade

302 2169 505 2266 prophetis,
523 2181 649 2240 utrum
675 2191 743 2264 pro
766 2165 862 2238 veris
879 2164 1040 2237 habendi
1070 2177 1195 2238 essent
1226 2191 1352 2258 necne,

301 2280 519 2379 judicabant
535 2280 608 2354 alii.
663 2282 850 2355 Quorsum
874 2278 973 2350 enim
1004 2277 1107 2350 dedit
1124 2279 1229 2353 Deus
1247 2294 1352 2354 notas

305 2407 344 2468 et
362 2395 467 2491 signa
482 2397 582 2468 omni
594 2393 742 2492 populo,
759 2392 891 2489 quibus
909 2392 1190 2487 prophetaeveri
1216 2418 1240 2466 a
1256 2395 1352 2468 falsis

303 2509 631 2606 distinguerentur,
650 2507 824 2578 nimirum
848 2504 1134 2601 praedictionum
1165 2522 1351 2598 eventum,
1442 2589 1443 2602 ,

302 2635 343 2696 et
361 2623 656 2696 conformitatem
683 2644 768 2692 cum
794 2618 972 2714 religione
999 2618 1149 2691 aMose
1166 2620 1350 2713 instituta,

303 2739 334 2811 si
351 2737 423 2812 illis
440 2736 538 2811 notis
555 2735 611 2807 uti
627 2757 705 2808 non
721 2732 877 2805 liceret?
929 2731 1146 2805 Auctoritas
1171 2757 1265 2831 ergo
1289 2738 1351 2810 ad-

301 2851 474 2926 mittendi
499 2849 613 2922 libros
639 2870 708 2944 pro
733 2845 844 2918 aerbo
862 2844 940 2917 Dei
969 2869 1082 2941 penes
1105 2869 1235 2942 regem
1263 2862 1350 2938 erat,

302 2967 468 3062 adeoque
484 2964 578 3037 liber
594 2962 655 3036 ille
672 2960 764 3056 legis
777 2958 1002 3056 approbatus
1021 2970 1059 3031 et
1084 2971 1259 3056 receptus
1282 2962 1350 3036 fuit

301 3079 523 3154 auctoritate
540 3079 563 3150 J
565 3077 652 3149 osiae
668 3073 779 3170 regis,
793 3086 836 3146 ut
850 3083 1003 3169 apparet
1017 3097 1063 3145 ex
1076 3082 1098 3145 2
1112 3072 1206 3169 Reg.
1219 3077 1297 3148 xxii
1313 3088 1350 3150 et

302 3194 407 3283 xxiii,
432 3192 497 3265 ubi
518 3200 690 3264 narratur
714 3210 936 3261 convocasse
961 3210 1045 3260 eum
1062 3187 1169 3283 regui
1189 3189 1347 3280 ordines,

301 3331 434 3403 nempe
451 3331 571 3395 seaes,
589 3302 821 3391 sacerdotes,
836 3301 1061 3398 prophetas,
1076 3311 1114 3372 et
1128 3324 1271 3374 omaem
1280 3328 1349 3400 po-

294 3422 457 3520 pulum
484 3431 522 3492 et
553 3442 678 3492 coram
707 3415 795 3512 ipsis
828 3414 964 3488 libram
988 3412 1142 3511 legisse,
1175 3425 1213 3488 et
1237 3417 1348 3489 verba

286 3535 460 3635 faederis
483 3535 563 3629 ejas
590 3530 808 3619 suscitasse,
826 3527 897 3601 hoc
915 3538 983 3615 est,
1009 3525 1140 3599 fecisse
1157 3529 1348 3624 utfoedas

299 3651 391 3726 illud
408 3649 574 3746 agnitum
591 3645 705 3718 fuerit
714 3641 942 3740 profoedere
956 3639 1143 3729 Masaico,
1158 3640 1198 3713 id
1212 3654 1270 3714 est
1282 3666 1347 3741 pro

299 3765 412 3840 aerbo
428 3762 519 3850 Dei,
545 3772 584 3834 et
614 3759 734 3832 denuo
752 3767 944 3852 receptum
964 3765 1002 3826 et
1019 3754 1281 3829 confirmatum
1302 3757 1345 3830 ab
1438 3779 1439 3786 ¹

300 3878 487 3954 Israelitis.
540 3876 631 3948 Erat
648 3896 736 3968 ergo
755 3871 867 3944 etiam
885 3867 1112 3965 temporibus
1130 3891 1263 3964 regum
1286 3895 1347 3967 po-

299 4005 412 4068 testas
431 3989 548 4064 civilis
566 3999 604 4060 et
625 3995 788 4084 potestas
807 3980 1046 4057 discernendi
1063 3979 1213 4052 verbam
1232 3983 1345 4055 Deis
1437 4073 1438 4086 ἵ

298 4107 411 4182 verbo
427 4102 631 4189 hominnm,
650 4111 689 4171 et
704 4095 852 4170 verbam
867 4094 944 4167 Dei
962 4093 1258 4190 interpretandi,
1270 4120 1344 4168 om·

298 4219 357 4294 nis
385 4240 497 4314 penes
514 4216 625 4313 ipsos.
677 4209 872 4308 Prophetae
897 4205 1000 4282 missi
1026 4216 1132 4282 erant
1161 4230 1239 4282 non
1263 4233 1342 4282 cum
