2848 4908
308 265 381 348 272
722 287 951 342 iurantem.

112 483 208 535 saon.
223 483 276 535 ιιι.
308 453 403 544 aulo,
429 451 637 528 vinetorum
664 453 828 528 omnium
856 459 1038 550 quotquot
1068 459 1155 526 sunt
1183 449 1337 524 dominun

123 561 266 668 ᾧ
307 576 374 642 est.
427 565 513 642 Non
531 577 587 641 est
604 589 692 664 ergo
710 568 827 665 major
843 565 994 641 libertas
1023 565 1158 639 civium
1186 563 1223 638 in
1249 575 1340 638 statu

300 679 501 780 populari,
527 705 638 778 qnam
668 679 918 754 monarchiae.
971 678 1016 754 Id
1049 679 1151 777 quod
1184 677 1338 776 imponit,

308 805 364 870 est
384 793 645 893 participatio
676 793 826 890 aequalis
844 817 1039 868 munerum
1065 791 1293 890 publioomm
1308 801 1339 862 et

307 907 463 1006 imperii.
532 905 628 980 Nam
661 907 725 981 ubi
759 906 954 1004 imperium
988 905 1124 1005 populi
1158 915 1225 996 est,
1254 905 1340 978 aives

308 1031 461 1094 eatenus
492 1019 685 1116 imperium
718 1019 852 1117 singuli
878 1017 1139 1118 participant,
1176 1029 1341 1114 quatenus

300 1132 442 1234 populi
475 1132 691 1230 imperantis
725 1145 849 1231 partes
884 1143 979 1206 sunt.
1045 1131 1203 1208 Munera
1231 1139 1341 1204 autem

308 1245 456 1344 publica
466 1245 656 1342 aequaliter
666 1245 901 1344 participant,
915 1255 1096 1343 quatenus
1110 1245 1149 1319 in
1160 1244 1341 1342 magistra-

309 1359 407 1434 tibus
425 1369 462 1433 et
480 1359 658 1434 ministris
675 1359 831 1457 publicis
849 1359 1027 1457 eligendis
1045 1359 1203 1458 aequalia
1219 1359 1343 1443 habent

310 1472 495 1572 suffragia.
548 1473 673 1571 Atque
697 1473 769 1548 hoo
791 1482 848 1548 est
870 1472 970 1569 quod
993 1473 1109 1548 voluit
1128 1471 1342 1558 Aristoteles,

309 1587 388 1685 ipse
405 1610 551 1685 quoque
570 1586 834 1662 consuetudine
853 1586 1028 1685 temporis
1055 1587 1261 1662 libertatem
1286 1607 1343 1682 pro

310 1699 464 1798 imperio
483 1699 690 1790 nominans,
715 1698 808 1774 libro
827 1711 931 1774 sexto
959 1698 1220 1792 Politioorum,
1239 1699 1343 1797 eapite

312 1813 486 1906 seeundo,
516 1813 554 1888 in
582 1821 687 1887 alato
710 1811 895 1913 populari
926 1813 1085 1888 libertas
1114 1823 1172 1888 eat
1200 1839 1247 1888 eo
1269 1833 1343 1910 arcp-

308 1927 514 2027 positione.
584 1925 696 2014 Quod
720 1925 833 2026 trulgo
864 1927 1007 2018 dicunt,
1041 1936 1221 2026 tanquam
1246 1933 1343 2000 extro

313 2049 452 2114 staram
469 2039 564 2114 dano
584 2039 680 2114 liber
698 2049 797 2114 asael
816 2064 930 2115 nemo.
982 2041 1038 2116 Ex
1056 2064 1128 2137 quo
1147 2039 1265 2114 obiter
1282 2037 1344 2112 ool·

312 2153 543 2251 ligerelioet,
562 2153 659 2228 aives
686 2152 830 2251 eosqui
858 2153 898 2227 in
927 2152 1146 2228 monarchia
1179 2153 1344 2228 sublatam

311 2265 461 2341 libertat
446 2278 521 2341 tem
548 2247 708 2363 plorant,
736 2267 807 2342 hoo
835 2275 917 2342 tant
917 2290 981 2340 um
1007 2267 1243 2358 stomachari,
1262 2263 1345 2365 quod

311 2403 386 2454 non
404 2379 648 2455 adhibeantur
666 2381 714 2511 ad
731 2380 940 2480 reipublicae
957 2380 1219 2511 gubernacula.

115 2715 171 2810 ln.
130 2699 298 2811 ,ubl
314 2722 402 2798 dum
436 2745 514 2796 esse
543 2720 652 2812 dicet,
690 2721 791 2818 quod
825 2721 911 2812 illio,
946 2721 1009 2795 ubi
1040 2721 1181 2796 soilioet
1213 2717 1347 2820 negotia

116 2829 189 2875 ‘¹⁰¹¹'
166 2829 293 2940 w⁸l¹¹¹l
313 2835 461 2935 publiea
478 2859 604 2910 omnes
622 2845 786 2910 tractant
787 2833 1057 2932 ,prudentiam
1073 2835 1191 2909 soient
1192 2835 1276 2920 iam,
1286 2831 1343 2906 elo·

316 2949 575 3078 quentiamqne
604 2971 708 3023 suam
737 2947 776 3022 in
812 2947 1136 3024 deliberationibus
1171 2947 1269 3022 circa
1299 2963 1345 3017 res
1388 2944 1393 2957 '

315 3061 485 3136 maximoe
503 3060 727 3136 difficultatis
746 3071 785 3134 et
798 3059 975 3134 momenti
989 3059 1135 3158 publice
1153 3051 1346 3134 ostentandi

315 3185 477 3272 potestas
496 3175 664 3250 omnibus
678 3174 777 3249 faeta
794 3173 865 3260 sit;
894 3173 934 3249 id
948 3173 1210 3272 quodpropter
1223 3185 1347 3248 natura

316 3287 488 3362 humanae
515 3287 681 3362 innatam
704 3286 823 3362 laudis
849 3286 1100 3385 cupiditatem,
1120 3287 1287 3361 omnibus
1302 3281 1347 3366 iis,

317 3399 380 3498 qui
397 3400 455 3474 vel
476 3401 610 3476 talibus
623 3401 820 3476 virtutibus
838 3400 1064 3476 antecellunt
1081 3401 1140 3475 vel
1157 3401 1228 3476 sibi
1240 3397 1347 3474 viden·

317 3524 379 3588 tur
397 3513 541 3588 oaeteris
569 3514 800 3605 antecellere,
818 3515 983 3589 omnium
1000 3537 1124 3588 rerum
1152 3525 1210 3588 est
1232 3515 1348 3611 J'uouu·

317 3626 528 3702 dissimum:
555 3626 615 3701 hio
633 3651 720 3702 vero
738 3627 798 3702 via
814 3627 877 3701 illa
893 3625 941 3701 ad
956 3624 1104 3701 laudem
1117 3635 1155 3700 et
1168 3626 1349 3724 dignitates

319 3739 538 3816 obtinendas
582 3740 751 3815 maximae
785 3740 882 3839 parti
917 3739 1051 3814 civium
1085 3739 1265 3838 praeclusa
1295 3745 1347 3808 est.

320 3853 421 3930 Quid
438 3865 561 3928 autem
576 3862 643 3944 est,
658 3855 688 3928 si
705 3854 777 3928 hoo
795 3877 869 3927 non
888 3864 944 3927 est
962 3851 1263 3928 incommodum?
1298 3845 1349 3922 Di·

319 3991 411 4042 cam.
444 3966 671 4042 Sententiam
696 3967 786 4064 ejus,
805 3989 914 4062 quem
933 3965 1213 4057 contemnimus,
1230 3974 1348 4039 nostra

318 4081 509 4177 praelatam
526 4079 674 4167 videre;
702 4078 919 4177 sapientiam
938 4086 1103 4152 nostram
1117 4079 1156 4152 in
1169 4085 1349 4175 conspectu

319 4203 445 4269 nostro
472 4192 632 4292 negligi;
675 4192 816 4268 incerto
851 4190 1050 4266 certamine
1085 4190 1205 4267 inanis
1238 4185 1348 4288 gloria
