2876 4908
211 293 267 350 or
287 293 429 350 naono
449 295 522 350 nar
542 295 622 349 ern
641 293 810 350 iterun
830 295 995 351 novun.
1049 282 1121 350 ³85

86 463 204 556 Mose,
223 464 290 540 sed
313 465 359 540 ab
383 464 593 540 Abrahamo
618 464 796 540 traditum
818 475 886 558 ent,
904 467 967 566 qui
986 465 1125 566 primus
1154 499 1250 554 uuor.
1265 500 1318 554 ιιι,

84 578 214 654 mundi
236 579 460 654 creationem
480 577 708 676 predicavit.
761 578 877 676 leges
893 579 1018 676 igitur,
1036 602 1126 678 quas
1166 577 1330 686 ᾧ

83 692 298 768 Cnursrus
316 692 356 767 in
372 691 489 768 altero
511 691 593 768 loco
609 691 809 784 contrahit,
823 692 863 768 iu
879 693 995 770 altero
1011 691 1127 792 expli-

83 817 156 892 eat,
187 805 269 882 alim
295 828 372 880 uon
399 815 487 880 suut
513 827 625 904 quarn
654 805 738 894 illae,
765 804 815 880 ad
841 829 932 906 quas
953 815 1127 882 tenentur

83 941 214 994 omnes
243 917 416 993 mortales
443 917 508 1016 qui
534 929 741 1016 agnoscunt
767 919 884 994 Deum
913 919 1154 1024 nomme

84 1031 224 1108 Praeter
236 1031 314 1122 has,
328 1030 467 1106 nullam
479 1030 599 1130 legem
610 1054 634 1105 a
645 1031 830 1108 Cnnrsro
844 1031 1019 1108 traditam
1035 1032 1126 1130 legi-

83 1167 165 1220 mus
178 1155 315 1244 preater
331 1143 603 1220 institutionem
617 1155 932 1220 sacramentorum
947 1143 1127 1246 baptismi

82 1271 122 1334 et
136 1257 394 1332 eucharistia.

132 1379 171 1446 9.
198 1368 301 1446 Quid
326 1391 416 1468 crgo
442 1367 585 1444 dicetur
607 1368 653 1444 de
676 1369 872 1470 praecptis
893 1369 1287 1486 hujusmodistwffl

77 1481 342 1582 penitentiale
372 1481 642 1580 buprtiaaraioir
676 1507 789 1558 serae
809 1482 1016 1568 madata:
1045 1441 1322 1558 cremantia

82 1596 166 1670 dite
183 1593 425 1694 Evangelio:
453 1594 576 1670 venite
595 1595 651 1670 od
669 1619 750 1681 mer
769 1595 885 1671 cende
906 1596 1029 1670 omnic
1046 1619 1127 1694 quc
1139 1569 1336 1688 limium

81 1707 212 1796 tates,
242 1705 294 1782 de
305 1705 556 1806 pauperibus,
582 1731 739 1806 aequore
757 1731 841 1792 mer
866 1717 905 1784 et
921 1705 1125 1782 similibus?
1138 1699 1205 1760 ¹⁶⁸⁰*

82 1817 293 1894 Dicendum
326 1829 394 1910 est,
424 1841 500 1894 non
533 1841 612 1894 esse
645 1817 764 1918 leger,
798 1818 863 1894 sad
895 1819 1127 1896 vocationem

81 1931 131 2006 ad
147 1931 298 2028 ficiem
331 1931 438 2030 quale
465 1943 522 2008 est
550 1932 642 2008 illud
669 1933 774 2008 lsaiae
803 1933 866 2028 (lv.
898 1933 949 2030 l),
984 1933 1126 2024 Venite,

80 2045 195 2120 emite
207 2043 348 2144 absque
361 2055 523 2144 argento
537 2056 575 2121 et
592 2043 734 2144 absque
751 2045 831 2120 ulla
844 2046 1128 2122 commutatione

81 2159 206 2233 einum
220 2167 258 2234 el
275 2157 349 2232 lae.
402 2157 534 2256 Neque
551 2158 583 2233 si
599 2159 722 2236 vocati
743 2181 819 2234 uun
835 2159 999 2252 veniunt,
1016 2183 1127 2258 prop·

81 2283 187 2347 terea
202 2281 358 2368 peccam
380 2283 510 2346 eontra
528 2270 642 2346 ullam
665 2271 796 2370 legem,
814 2272 879 2348 aad
894 2283 1025 2348 contra
1038 2297 1127 2372 pru-

81 2385 249 2461 dentium
266 2395 433 2471 tantum
463 2408 583 2482 neque
612 2386 786 2484 punietur
813 2386 1034 2482 infidelitas,
1063 2385 1128 2462 sed

84 2509 240 2596 peccota
257 2497 393 2596 priora.
444 2497 569 2574 Quare
583 2508 732 2572 sanctus
745 2498 767 2572 J
769 2498 932 2574 ohannes
944 2498 991 2574 de
1008 2498 1128 2573 incre·

83 2611 173 2686 dulo
184 2611 276 2686 dicit
292 2610 391 2704 (ioh.
403 2609 453 2685 iii.
466 2611 554 2707 36lr
574 2611 636 2686 ire
647 2610 724 2686 Dei
732 2619 858 2684 maaet
868 2633 985 2710 seper
996 2609 1127 2694 illum:

83 2747 160 2800 non
177 2723 289 2800 dicit:
324 2725 387 2798 irc
411 2724 487 2798 Dei
509 2723 632 2800 veniet
653 2743 770 2824 saper
790 2722 906 2798 illum.
958 2724 1007 2799 ltt
1026 2721 1126 2816 (Joh.

83 2837 135 2912 iii.
157 2839 242 2932 tal:
274 2836 438 2924 Quincti
461 2836 587 2912 credit
603 2837 688 2934 jam
706 2835 908 2933 judicetur
935 2845 1006 2926 est,
1036 2837 1128 2934 quia

83 2949 324 3026 concredit:
350 2973 426 3024 non
448 2949 539 3026 dicit
554 2981 564 3036 ς
581 2948 851 3048 judicabitur:
880 2948 956 3040 sed,
968 2949 1053 3046 jem
1062 2949 1127 3046 je-

84 3062 238 3138 dicotur
271 3073 342 3139 ert.
394 3063 474 3139 lmo
502 3087 578 3140 non
594 3063 684 3138 satis
700 3062 847 3160 concipi
864 3063 987 3138 animo
1005 3073 1129 3162 potest

83 3177 339 3252 remissionem
362 3186 608 3276 peecatorum
637 3176 856 3254 beneficium
881 3199 960 3252 esse
989 3177 1126 3274 aptae,

84 3289 156 3366 uisi
173 3289 286 3366 etiam
302 3314 323 3364 e
340 3290 525 3367 contrario
541 3289 779 3390 intelligatur,
790 3291 1024 3390 punitionem
1043 3316 1128 3388 pec-

84 3415 254 3478 catorum
271 3403 447 3482 dammm
464 3427 543 3480 csse
559 3406 605 3480 ab
623 3402 865 3502 irfideiitate.

139 3524 196 3592 10.
224 3517 280 3592 Ex
296 3539 353 3608 eo,
368 3516 468 3615 quod
486 3517 659 3594 Servatur
675 3527 802 3594 nostor
818 3518 1026 3616 principum
1043 3520 1128 3594 sub·
1143 3541 1274 3588 cmm-r

85 3628 173 3705 ditis
196 3639 236 3704 et
258 3629 450 3704 civitatum
476 3630 618 3706 civibus
641 3630 759 3708 nullas
782 3631 883 3730 leges
902 3630 1128 3730 proscripsit
1140 3609 1328 3720 fflffl„

85 3741 349 3834 distributivae,
373 3741 445 3819 hoe
468 3754 538 3835 est,
556 3745 702 3842 regulas
725 3744 844 3820 nullos
865 3743 980 3835 dedit,
997 3744 1128 3843 quibus
1141 3739 1318 3864 ffi‘ffi

85 3855 176 3930 civis
193 3855 288 3931 scire
305 3865 344 3930 et
361 3853 578 3952 dignoscere
604 3857 732 3956 possit,
750 3856 840 3956 quid
865 3857 913 3932 sit
937 3880 1042 3932 ruem
1059 3855 1129 3932 sibi

85 3967 288 4068 proprium,
315 3967 404 4066 quid
434 3969 608 4062 alienam,
637 3994 757 4071 neque
791 3970 925 4068 quibus
950 3969 1129 4060 formulis,

86 4080 219 4172 verbis,
238 4081 570 4158 circumstantiisvc
591 4083 692 4175 deri,
714 4083 831 4172 tradi,
849 4081 990 4174 incedi,
1004 4084 1130 4182 persi·

86 4193 172 4270 deri
197 4216 278 4268 reru
302 4205 483 4292 oporteat,
501 4207 543 4272 ut
568 4195 806 4294 accipientis,
830 4196 1054 4288 incedentis,
1071 4195 1131 4272 vel

186 4327 279 4380 VOL.
299 4328 343 4382 11.
970 4331 1030 4384 CC
