2918 4912
310 281 379 348 180
717 297 933 348 1111111111.

100 498 209 552 ΜΤ,
224 499 277 548 111,
305 462 379 536 ciat
395 463 656 537 misericordiae
669 462 814 553 divinae,
826 487 903 536 non
915 463 1056 558 obligat
1068 486 1107 535 se
1117 462 1166 535 ad
1181 485 1338 560 poenam:

121 576 263 680 *ξύ
304 575 391 672 quia
401 599 545 672 semper
553 577 695 650 licitum
709 589 766 650 est
781 601 943 672 poenam,
956 588 1157 672 utcumque
1169 599 1343 671 provoca·

303 700 392 780 tam,
411 689 612 786 deprecari,
627 702 739 785 atque
756 689 892 778 divina,
903 691 935 762 si
947 690 1183 778 concedatur,
1200 689 1277 762 frui
1293 689 1346 761 in-
1435 726 1440 751 ·

305 801 505 898 dulgentia.
568 803 730 877 Effectus
753 826 842 899 ergo
866 803 1068 899 juramenti
1092 803 1124 876 is
1150 802 1250 876 solus
1281 813 1344 891 est,

304 927 347 989 ut
362 916 582 1006 hominibusi,
604 928 738 990 natura
761 916 888 1013 pronis
913 916 963 989 ad
986 915 1225 990 violationem
1253 916 1345 989 detae

282 1097 287 1110 ,
304 1029 404 1120 fidei,
421 1031 539 1126 major
551 1031 684 1126 juratis
701 1054 813 1103 causa
827 1030 876 1103 sit
892 1029 1092 1103 metuendi.

91 1173 248 1217 smenon
357 1151 419 1217 23.
444 1141 702 1223 loramentum
715 1143 873 1238 exigere,
884 1144 949 1216 ubi
960 1166 1081 1238 neque
1094 1142 1246 1216 violatio
1262 1167 1345 1239 pac-

92 1237 296 1358 ffiffi
307 1267 442 1345 torum,
469 1255 501 1327 si
530 1279 603 1350 qua
627 1256 706 1343 fiat,
730 1255 845 1327 latere
870 1266 1005 1352 potest,
1021 1278 1142 1350 neque
1165 1254 1212 1343 ei,
1230 1256 1292 1327 cui
1308 1257 1348 1328 fit

93 1365 295 1488 ffl'vfffl
307 1369 467 1466 sponsio,
485 1368 589 1442 deest
603 1381 768 1465 potestas
792 1393 920 1465 poenas
945 1368 1127 1464 exigendi,
1145 1378 1203 1440 est
1228 1367 1347 1440 facere

93 1496 295 1606 ffinmffiffi
306 1481 461 1578 emplius
471 1481 610 1577 aliquid
620 1481 1115 1577 quamadsuidefensionem
1125 1481 1174 1553 sit
1183 1503 1348 1564 necesse;

94 1575 109 1605 ⁸
306 1596 562 1693 significatque
597 1595 761 1668 animum
787 1594 960 1691 cupiendi
995 1617 1071 1666 non
1094 1603 1173 1666 tam
1210 1604 1254 1666 ut
1282 1594 1349 1666 sibi

304 1711 413 1798 bene,
428 1733 538 1806 quam
554 1708 772 1781 utillimale
789 1709 849 1781 sit.
899 1707 1159 1780 deramatam
1175 1707 1290 1801 enini,
1306 1731 1350 1779 ex
1438 1618 1443 1791 Ι

304 1823 465 1898 formula
476 1821 638 1918 jurandi,
647 1823 808 1918 pertinet
817 1821 867 1893 ad
877 1821 970 1893 iram
980 1820 1052 1894 Dei
1063 1819 1349 1916 provocandam,

305 1937 377 2010 hoc
394 1950 463 2025 est,
476 1936 738 2033 omnipotentis
755 1936 795 2008 in
805 1959 880 2025 eoo,
895 1935 959 2031 qui
970 1934 1082 2008 fidem
1099 1934 1184 2008 ideo
1197 1935 1350 2022 violant,

308 2051 395 2147 quia
403 2050 571 2146 potentia
583 2074 805 2146 suapoenam
814 2050 1013 2123 humanam
1022 2049 1185 2144 effugere
1196 2071 1236 2120 se
1244 2069 1350 2144 posse

308 2164 484 2248 sentiunt,
502 2173 541 2235 et
556 2163 726 2235 omnieeit’
748 2163 788 2235 in
804 2187 881 2252 eoS,
898 2163 963 2257 qui
978 2161 1092 2235 fidem
1110 2161 1252 2235 violare
1269 2161 1350 2234 ideo

309 2276 440 2366 solent,
454 2276 540 2371 quia
552 2275 677 2348 oculos
687 2277 878 2350 hominum
888 2276 1004 2349 latere
1018 2301 1057 2349 se
1070 2299 1178 2373 posse
1189 2285 1348 2371 sperant.
1439 2291 1445 2369 ι’
