<?xml version="1.0" encoding="UTF-8"?>
<!DOCTYPE html PUBLIC "-//W3C//DTD XHTML 1.0 Transitional//EN"
    "http://www.w3.org/TR/xhtml1/DTD/xhtml1-transitional.dtd">
<html xmlns="http://www.w3.org/1999/xhtml" xml:lang="en" lang="en">
 <head>
  <title>
</title>
<meta http-equiv="Content-Type" content="text/html;charset=utf-8" />
  <meta name='ocr-system' content='tesseract 3.04.00' />
  <meta name='ocr-capabilities' content='ocr_page ocr_carea ocr_par ocr_line ocrx_word'/>
</head>
<body>
  <div class='ocr_page' id='page_1' title='image "./thomhobbesmalme09hobbgoog_0267.png"; bbox 0 0 2918 4912; ppageno 0'>
   <div class='ocr_carea' id='block_1_1' title="bbox 293 260 930 328">
    <p class='ocr_par' dir='ltr' id='par_1_1' title="bbox 293 260 930 328">
     <span class='ocr_line' id='line_1_1' title="bbox 293 260 930 328; baseline -0.006 -1"><span class='ocrx_word' id='word_1_1' title='bbox 293 260 373 328; x_wconf 74' lang='lat'>252</span> <span class='ocrx_word' id='word_1_2' title='bbox 695 272 930 326; x_wconf 74' lang='lat' dir='ltr'>utramuis.</span> 
     </span>
    </p>
   </div>
   <div class='ocr_carea' id='block_1_2' title="bbox 79 439 1447 4272">
    <p class='ocr_par' dir='ltr' id='par_1_2' title="bbox 95 437 1349 535">
     <span class='ocr_line' id='line_1_2' title="bbox 95 439 1349 535; baseline 0.001 -23"><span class='ocrx_word' id='word_1_3' title='bbox 95 475 194 526; x_wconf 68' lang='lat' dir='ltr'>sm,</span> <span class='ocrx_word' id='word_1_4' title='bbox 208 473 262 524; x_wconf 78' lang='lat'>111,</span> <span class='ocrx_word' id='word_1_5' title='bbox 335 448 382 514; x_wconf 85' lang='grc'>’6.</span> <span class='ocrx_word' id='word_1_6' title='bbox 408 439 593 515; x_wconf 73' lang='lat' dir='ltr'>Quoniam</span> <span class='ocrx_word' id='word_1_7' title='bbox 604 462 693 535; x_wconf 81' lang='lat' dir='ltr'>ergo</span> <span class='ocrx_word' id='word_1_8' title='bbox 705 449 744 512; x_wconf 76' lang='lat' dir='ltr'>et</span> <span class='ocrx_word' id='word_1_9' title='bbox 759 461 891 512; x_wconf 64' lang='lat' dir='ltr'>«rervm</span> <span class='ocrx_word' id='word_1_10' title='bbox 902 460 983 535; x_wconf 73' lang='lat' dir='ltr'>lpse</span> <span class='ocrx_word' id='word_1_11' title='bbox 1003 449 1044 514; x_wconf 75' lang='lat' dir='ltr'>et</span> <span class='ocrx_word' id='word_1_12' title='bbox 1060 461 1107 511; x_wconf 77' lang='lat' dir='ltr'>ea</span> <span class='ocrx_word' id='word_1_13' title='bbox 1121 461 1206 535; x_wconf 85' lang='lat' dir='ltr'>quae</span> <span class='ocrx_word' id='word_1_14' title='bbox 1218 439 1349 530; x_wconf 60' lang='lat' dir='ltr'>habet,</span> 
     </span>
    </p>

    <p class='ocr_par' dir='ltr' id='par_1_3' title="bbox 107 551 1348 656">
     <span class='ocr_line' id='line_1_3' title="bbox 107 551 1348 656; baseline 0 -30"><span class='ocrx_word' id='word_1_15' title='bbox 107 553 250 656; x_wconf 35' lang='grc' dir='ltr'>ΔΗ</span> <span class='ocrx_word' id='word_1_16' title='bbox 293 552 417 626; x_wconf 90' lang='lat' dir='ltr'>omnia</span> <span class='ocrx_word' id='word_1_17' title='bbox 434 552 572 626; x_wconf 81' lang='lat' dir='ltr'>domiai</span> <span class='ocrx_word' id='word_1_18' title='bbox 598 564 694 641; x_wconf 89' lang='lat' dir='ltr'>sunt,</span> <span class='ocrx_word' id='word_1_19' title='bbox 712 551 908 648; x_wconf 86' lang='lat' dir='ltr'>disponere</span> <span class='ocrx_word' id='word_1_20' title='bbox 923 562 1051 624; x_wconf 85' lang='lat' dir='ltr'>autem</span> <span class='ocrx_word' id='word_1_21' title='bbox 1067 552 1115 624; x_wconf 92' lang='lat' dir='ltr'>de</span> <span class='ocrx_word' id='word_1_22' title='bbox 1127 552 1209 625; x_wconf 86' lang='lat' dir='ltr'>&#39;sno</span> <span class='ocrx_word' id='word_1_23' title='bbox 1231 576 1348 626; x_wconf 81' lang='lat' dir='ltr'>unus·</span> 
     </span>
    </p>

    <p class='ocr_par' dir='ltr' id='par_1_4' title="bbox 79 664 1349 762">
     <span class='ocr_line' id='line_1_4' title="bbox 79 664 1349 762; baseline 0.002 -25"><span class='ocrx_word' id='word_1_24' title='bbox 79 691 190 737; x_wconf 69' lang='lat' dir='ltr'>noman.</span> <span class='ocrx_word' id='word_1_25' title='bbox 198 705 243 734; x_wconf 68' lang='lat' dir='ltr'>m.</span> <span class='ocrx_word' id='word_1_26' title='bbox 293 666 447 762; x_wconf 88' lang='lat' dir='ltr'>quisque</span> <span class='ocrx_word' id='word_1_27' title='bbox 468 668 553 762; x_wconf 89' lang='lat' dir='ltr'>jure</span> <span class='ocrx_word' id='word_1_28' title='bbox 568 664 728 738; x_wconf 85' lang='lat' dir='ltr'>naturali</span> <span class='ocrx_word' id='word_1_29' title='bbox 742 675 868 762; x_wconf 80' lang='lat' dir='ltr'>potest</span> <span class='ocrx_word' id='word_1_30' title='bbox 883 689 928 738; x_wconf 90' lang='lat' dir='ltr'>eo</span> <span class='ocrx_word' id='word_1_31' title='bbox 951 665 1064 738; x_wconf 91' lang='lat' dir='ltr'>modo</span> <span class='ocrx_word' id='word_1_32' title='bbox 1082 689 1156 761; x_wconf 92' lang='lat' dir='ltr'>quo</span> <span class='ocrx_word' id='word_1_33' title='bbox 1173 667 1349 756; x_wconf 83' lang='lat' dir='ltr'>voluerit,</span> 
     </span>
    </p>

    <p class='ocr_par' dir='ltr' id='par_1_5' title="bbox 79 761 1348 877">
     <span class='ocr_line' id='line_1_5' title="bbox 79 761 1348 877; baseline 0 -25"><span class='ocrx_word' id='word_1_34' title='bbox 79 761 272 873; x_wconf 53' lang='lat' dir='ltr'>fflfssffl</span> <span class='ocrx_word' id='word_1_35' title='bbox 292 780 434 877; x_wconf 90' lang='lat' dir='ltr'>poterit</span> <span class='ocrx_word' id='word_1_36' title='bbox 444 779 611 852; x_wconf 69' lang='lat' dir='ltr'>daminus</span> <span class='ocrx_word' id='word_1_37' title='bbox 623 777 826 851; x_wconf 91' lang='lat' dir='ltr'>dominium</span> <span class='ocrx_word' id='word_1_38' title='bbox 837 802 945 850; x_wconf 89' lang='lat' dir='ltr'>suum</span> <span class='ocrx_word' id='word_1_39' title='bbox 962 777 1002 850; x_wconf 94' lang='lat' dir='ltr'>in</span> <span class='ocrx_word' id='word_1_40' title='bbox 1013 801 1160 851; x_wconf 76' lang='lat' dir='ltr'>ternam</span> <span class='ocrx_word' id='word_1_41' title='bbox 1169 779 1348 869; x_wconf 83' lang='lat' dir='ltr'>vendere,</span> 
     </span>
    </p>

    <p class='ocr_par' dir='ltr' id='par_1_6' title="bbox 80 884 1347 1078">
     <span class='ocr_line' id='line_1_6' title="bbox 80 884 1347 988; baseline 0 -22"><span class='ocrx_word' id='word_1_42' title='bbox 80 884 266 930; x_wconf 52' lang='lat' dir='ltr'>&#39;mm‘</span> <span class='ocrx_word' id='word_1_43' title='bbox 293 892 549 988; x_wconf 83' lang='lat' dir='ltr'>oppignerare,</span> <span class='ocrx_word' id='word_1_44' title='bbox 574 890 634 964; x_wconf 83' lang='lat' dir='ltr'>vel</span> <span class='ocrx_word' id='word_1_45' title='bbox 662 901 884 965; x_wconf 89' lang='lat' dir='ltr'>testamento</span> <span class='ocrx_word' id='word_1_46' title='bbox 906 890 1121 981; x_wconf 86' lang='lat' dir='ltr'>transferre,</span> <span class='ocrx_word' id='word_1_47' title='bbox 1146 914 1217 987; x_wconf 88' lang='lat' dir='ltr'>pro</span> <span class='ocrx_word' id='word_1_48' title='bbox 1247 891 1347 966; x_wconf 84' lang='lat' dir='ltr'>arbi-</span> 
     </span>
     <span class='ocr_line' id='line_1_7' title="bbox 292 1005 464 1078; baseline 0 0"><span class='ocrx_word' id='word_1_49' title='bbox 292 1005 366 1078; x_wconf 84' lang='lat' dir='ltr'>trio</span> <span class='ocrx_word' id='word_1_50' title='bbox 384 1028 464 1078; x_wconf 80' lang='lat' dir='ltr'>suo,</span> 
     </span>
    </p>

    <p class='ocr_par' dir='ltr' id='par_1_7' title="bbox 163 1115 1348 1212">
     <span class='ocr_line' id='line_1_8' title="bbox 163 1115 1348 1212; baseline 0 -22"><span class='ocrx_word' id='word_1_51' title='bbox 163 1151 224 1196; x_wconf 58' lang='lat' dir='ltr'>aa,</span> <span class='ocrx_word' id='word_1_52' title='bbox 344 1121 379 1202; x_wconf 89' lang='grc'>7.</span> <span class='ocrx_word' id='word_1_53' title='bbox 406 1118 599 1206; x_wconf 87' lang='lat' dir='ltr'>Praeterea,</span> <span class='ocrx_word' id='word_1_54' title='bbox 616 1117 656 1190; x_wconf 92' lang='lat' dir='ltr'>id</span> <span class='ocrx_word' id='word_1_55' title='bbox 673 1117 774 1212; x_wconf 93' lang='lat' dir='ltr'>quod</span> <span class='ocrx_word' id='word_1_56' title='bbox 786 1129 875 1190; x_wconf 88' lang='lat' dir='ltr'>aute</span> <span class='ocrx_word' id='word_1_57' title='bbox 892 1117 939 1190; x_wconf 92' lang='lat' dir='ltr'>de</span> <span class='ocrx_word' id='word_1_58' title='bbox 957 1115 1115 1190; x_wconf 87' lang='lat' dir='ltr'>subditis</span> <span class='ocrx_word' id='word_1_59' title='bbox 1127 1116 1168 1188; x_wconf 94' lang='lat' dir='ltr'>in</span> <span class='ocrx_word' id='word_1_60' title='bbox 1186 1116 1348 1190; x_wconf 73' lang='lat' dir='ltr'>civitate</span> 
     </span>
    </p>

    <p class='ocr_par' dir='ltr' id='par_1_8' title="bbox 291 1229 1349 1890">
     <span class='ocr_line' id='line_1_9' title="bbox 293 1229 1349 1327; baseline 0.002 -25"><span class='ocrx_word' id='word_1_61' title='bbox 293 1230 506 1304; x_wconf 72' lang='lat' dir='ltr'>imitativa</span> <span class='ocrx_word' id='word_1_62' title='bbox 516 1229 808 1304; x_wconf 85' lang='lat' dir='ltr'>demonstratum</span> <span class='ocrx_word' id='word_1_63' title='bbox 819 1241 887 1319; x_wconf 87' lang='lat' dir='ltr'>est,</span> <span class='ocrx_word' id='word_1_64' title='bbox 901 1230 1088 1319; x_wconf 69' lang='lat' dir='ltr'>nimirm</span> <span class='ocrx_word' id='word_1_65' title='bbox 1104 1229 1206 1325; x_wconf 92' lang='lat' dir='ltr'>quod</span> <span class='ocrx_word' id='word_1_66' title='bbox 1222 1230 1268 1320; x_wconf 77' lang='lat' dir='ltr'>ia,</span> <span class='ocrx_word' id='word_1_67' title='bbox 1282 1230 1349 1327; x_wconf 95' lang='lat' dir='ltr'>qui</span> 
     </span>
     <span class='ocr_line' id='line_1_10' title="bbox 292 1343 1347 1440; baseline 0 -24"><span class='ocrx_word' id='word_1_68' title='bbox 292 1367 476 1416; x_wconf 85' lang='lat' dir='ltr'>summum</span> <span class='ocrx_word' id='word_1_69' title='bbox 493 1344 653 1417; x_wconf 84' lang='lat' dir='ltr'>civitatis</span> <span class='ocrx_word' id='word_1_70' title='bbox 669 1344 865 1440; x_wconf 87' lang='lat' dir='ltr'>imperium</span> <span class='ocrx_word' id='word_1_71' title='bbox 881 1343 1005 1432; x_wconf 91' lang='lat' dir='ltr'>habet,</span> <span class='ocrx_word' id='word_1_72' title='bbox 1023 1343 1164 1416; x_wconf 83' lang='lat' dir='ltr'>unllam</span> <span class='ocrx_word' id='word_1_73' title='bbox 1180 1344 1231 1416; x_wconf 86' lang='lat' dir='ltr'>iis</span> <span class='ocrx_word' id='word_1_74' title='bbox 1248 1344 1347 1440; x_wconf 81' lang='lat' dir='ltr'>inja-</span> 
     </span>
     <span class='ocr_line' id='line_1_11' title="bbox 292 1454 1347 1554; baseline 0.003 -27"><span class='ocrx_word' id='word_1_75' title='bbox 292 1454 391 1529; x_wconf 81' lang='lat' dir='ltr'>riam</span> <span class='ocrx_word' id='word_1_76' title='bbox 414 1456 535 1530; x_wconf 84' lang='lat' dir='ltr'>faeere</span> <span class='ocrx_word' id='word_1_77' title='bbox 561 1467 697 1553; x_wconf 89' lang='lat' dir='ltr'>potest,</span> <span class='ocrx_word' id='word_1_78' title='bbox 722 1482 850 1532; x_wconf 86' lang='lat' dir='ltr'>verum</span> <span class='ocrx_word' id='word_1_79' title='bbox 876 1481 1024 1554; x_wconf 89' lang='lat' dir='ltr'>quoque</span> <span class='ocrx_word' id='word_1_80' title='bbox 1052 1457 1249 1529; x_wconf 74' lang='lat' dir='ltr'>deservis</span> <span class='ocrx_word' id='word_1_81' title='bbox 1276 1471 1347 1546; x_wconf 89' lang='lat' dir='ltr'>est,</span> 
     </span>
     <span class='ocr_line' id='line_1_12' title="bbox 291 1568 1347 1664; baseline 0.002 -24"><span class='ocrx_word' id='word_1_82' title='bbox 291 1580 488 1664; x_wconf 91' lang='lat' dir='ltr'>propterea</span> <span class='ocrx_word' id='word_1_83' title='bbox 514 1569 615 1664; x_wconf 89' lang='lat' dir='ltr'>quod</span> <span class='ocrx_word' id='word_1_84' title='bbox 630 1568 861 1644; x_wconf 86' lang='lat' dir='ltr'>voluntatem</span> <span class='ocrx_word' id='word_1_85' title='bbox 877 1593 982 1642; x_wconf 89' lang='lat' dir='ltr'>suam</span> <span class='ocrx_word' id='word_1_86' title='bbox 999 1568 1140 1642; x_wconf 81' lang='lat' dir='ltr'>domiai</span> <span class='ocrx_word' id='word_1_87' title='bbox 1156 1569 1347 1643; x_wconf 86' lang='lat' dir='ltr'>voluntati</span> 
     </span>
     <span class='ocr_line' id='line_1_13' title="bbox 292 1681 1347 1778; baseline 0.002 -24"><span class='ocrx_word' id='word_1_88' title='bbox 292 1681 492 1777; x_wconf 84' lang='lat' dir='ltr'>subjecere.</span> <span class='ocrx_word' id='word_1_89' title='bbox 525 1682 649 1764; x_wconf 85' lang='lat' dir='ltr'>Quare</span> <span class='ocrx_word' id='word_1_90' title='bbox 667 1682 844 1778; x_wconf 86' lang='lat' dir='ltr'>quicquid</span> <span class='ocrx_word' id='word_1_91' title='bbox 859 1681 930 1754; x_wconf 88' lang='lat' dir='ltr'>iste</span> <span class='ocrx_word' id='word_1_92' title='bbox 946 1681 1090 1770; x_wconf 85' lang='lat' dir='ltr'>feeerit,</span> <span class='ocrx_word' id='word_1_93' title='bbox 1109 1682 1200 1778; x_wconf 87' lang='lat' dir='ltr'>ipsis</span> <span class='ocrx_word' id='word_1_94' title='bbox 1217 1682 1347 1756; x_wconf 87' lang='lat' dir='ltr'>volen-</span> 
     </span>
     <span class='ocr_line' id='line_1_14' title="bbox 291 1794 1285 1890; baseline 0.002 -24"><span class='ocrx_word' id='word_1_95' title='bbox 291 1794 390 1868; x_wconf 89' lang='lat' dir='ltr'><strong>tibus</strong></span> <span class='ocrx_word' id='word_1_96' title='bbox 406 1797 473 1868; x_wconf 90' lang='lat' dir='ltr'>fit:</span> <span class='ocrx_word' id='word_1_97' title='bbox 499 1795 639 1868; x_wconf 89' lang='lat' dir='ltr'>volenti</span> <span class='ocrx_word' id='word_1_98' title='bbox 656 1807 781 1868; x_wconf 91' lang='lat' dir='ltr'>autem</span> <span class='ocrx_word' id='word_1_99' title='bbox 797 1795 932 1890; x_wconf 88' lang='lat' dir='ltr'>injuria</span> <span class='ocrx_word' id='word_1_100' title='bbox 948 1795 1029 1867; x_wconf 87' lang='lat' dir='ltr'>fieri</span> <span class='ocrx_word' id='word_1_101' title='bbox 1051 1818 1128 1868; x_wconf 92' lang='lat' dir='ltr'>non</span> <span class='ocrx_word' id='word_1_102' title='bbox 1144 1807 1285 1890; x_wconf 85' lang='lat' dir='ltr'>potest.</span> 
     </span>
    </p>

    <p class='ocr_par' dir='ltr' id='par_1_9' title="bbox 97 1907 1346 2012">
     <span class='ocr_line' id='line_1_15' title="bbox 97 1907 1346 2012; baseline 0.005 -34"><span class='ocrx_word' id='word_1_103' title='bbox 97 1934 265 2012; x_wconf 60' lang='lat' dir='ltr'>anama</span> <span class='ocrx_word' id='word_1_104' title='bbox 342 1915 377 1980; x_wconf 84' lang='lat'>8.</span> <span class='ocrx_word' id='word_1_105' title='bbox 405 1907 445 1980; x_wconf 89' lang='lat' dir='ltr'>Si</span> <span class='ocrx_word' id='word_1_106' title='bbox 461 1931 549 1982; x_wconf 86' lang='lat' dir='ltr'>vero</span> <span class='ocrx_word' id='word_1_107' title='bbox 575 1909 731 1999; x_wconf 85' lang='lat' dir='ltr'>accidat,</span> <span class='ocrx_word' id='word_1_108' title='bbox 748 1920 793 1982; x_wconf 93' lang='lat' dir='ltr'>ut</span> <span class='ocrx_word' id='word_1_109' title='bbox 821 1907 988 1981; x_wconf 77' lang='lat' dir='ltr'>dominas</span> <span class='ocrx_word' id='word_1_110' title='bbox 1018 1909 1094 1982; x_wconf 89' lang='lat' dir='ltr'>sive</span> <span class='ocrx_word' id='word_1_111' title='bbox 1125 1910 1346 2005; x_wconf 85' lang='lat' dir='ltr'>captivitate</span> 
     </span>
    </p>

    <p class='ocr_par' dir='ltr' id='par_1_10' title="bbox 96 2000 1447 3248">
     <span class='ocr_line' id='line_1_16' title="bbox 96 2000 1347 2117; baseline 0.006 -26"><span class='ocrx_word' id='word_1_112' title='bbox 96 2000 275 2110; x_wconf 51' lang='lat' dir='ltr'>fflssffi</span> <span class='ocrx_word' id='word_1_113' title='bbox 292 2019 370 2092; x_wconf 85' lang='lat' dir='ltr'>aive</span> <span class='ocrx_word' id='word_1_114' title='bbox 396 2023 625 2117; x_wconf 86' lang='lat' dir='ltr'>subjectione</span> <span class='ocrx_word' id='word_1_115' title='bbox 643 2023 853 2096; x_wconf 86' lang='lat' dir='ltr'>voluntaria</span> <span class='ocrx_word' id='word_1_116' title='bbox 867 2037 998 2095; x_wconf 70' lang='lat' dir='ltr'>servas</span> <span class='ocrx_word' id='word_1_117' title='bbox 1015 2022 1074 2094; x_wconf 89' lang='lat' dir='ltr'>vel</span> <span class='ocrx_word' id='word_1_118' title='bbox 1091 2021 1271 2096; x_wconf 76' lang='lat' dir='ltr'>subditas</span> <span class='ocrx_word' id='word_1_119' title='bbox 1292 2024 1347 2098; x_wconf 89' lang='lat' dir='ltr'>al-</span> 
     </span>
     <span class='ocr_line' id='line_1_17' title="bbox 292 2133 1346 2231; baseline 0.005 -26"><span class='ocrx_word' id='word_1_120' title='bbox 292 2133 409 2206; x_wconf 89' lang='lat' dir='ltr'>terius</span> <span class='ocrx_word' id='word_1_121' title='bbox 438 2135 517 2223; x_wconf 90' lang='lat' dir='ltr'>fiat,</span> <span class='ocrx_word' id='word_1_122' title='bbox 546 2134 608 2206; x_wconf 79' lang='lat' dir='ltr'>ine</span> <span class='ocrx_word' id='word_1_123' title='bbox 633 2135 727 2207; x_wconf 86' lang='lat' dir='ltr'>alter</span> <span class='ocrx_word' id='word_1_124' title='bbox 749 2159 826 2208; x_wconf 90' lang='lat' dir='ltr'>non</span> <span class='ocrx_word' id='word_1_125' title='bbox 850 2133 962 2208; x_wconf 90' lang='lat' dir='ltr'>modo</span> <span class='ocrx_word' id='word_1_126' title='bbox 987 2135 1114 2231; x_wconf 88' lang='lat' dir='ltr'>ipsius,</span> <span class='ocrx_word' id='word_1_127' title='bbox 1145 2136 1346 2210; x_wconf 87' lang='lat' dir='ltr'>sedetiam</span> 
     </span>
     <span class='ocr_line' id='line_1_18' title="bbox 292 2247 1344 2342; baseline 0.004 -24"><span class='ocrx_word' id='word_1_128' title='bbox 292 2269 482 2318; x_wconf 55' lang='lat' dir='ltr'>adamam</span> <span class='ocrx_word' id='word_1_129' title='bbox 496 2248 574 2342; x_wconf 87' lang='lat' dir='ltr'>ejus</span> <span class='ocrx_word' id='word_1_130' title='bbox 593 2247 760 2321; x_wconf 67' lang='lat' dir='ltr'>damiam</span> <span class='ocrx_word' id='word_1_131' title='bbox 777 2247 870 2333; x_wconf 86' lang='lat' dir='ltr'>erit;</span> <span class='ocrx_word' id='word_1_132' title='bbox 896 2247 1028 2320; x_wconf 90' lang='lat' dir='ltr'>horum</span> <span class='ocrx_word' id='word_1_133' title='bbox 1051 2247 1202 2342; x_wconf 89' lang='lat' dir='ltr'>quidem</span> <span class='ocrx_word' id='word_1_134' title='bbox 1223 2250 1344 2322; x_wconf 83' lang='lat' dir='ltr'>dami-</span> 
     </span>
     <span class='ocr_line' id='line_1_19' title="bbox 293 2360 1351 2458; baseline 0.005 -26"><span class='ocrx_word' id='word_1_135' title='bbox 293 2360 937 2458; x_wconf 64' lang='lat' dir='ltr'>amupnmuailliusimmediatua.</span> <span class='ocrx_word' id='word_1_136' title='bbox 965 2361 1151 2436; x_wconf 79' lang='lat' dir='ltr'>Quoniam</span> <span class='ocrx_word' id='word_1_137' title='bbox 1162 2363 1264 2436; x_wconf 91' lang='lat' dir='ltr'>enim</span> <span class='ocrx_word' id='word_1_138' title='bbox 1274 2388 1351 2438; x_wconf 90' lang='lat' dir='ltr'>non</span> 
     </span>
     <span class='ocr_line' id='line_1_20' title="bbox 293 2472 1447 2569; baseline 0.002 -25"><span class='ocrx_word' id='word_1_139' title='bbox 293 2472 563 2562; x_wconf 75' lang='lat' dir='ltr'>modoserens,</span> <span class='ocrx_word' id='word_1_140' title='bbox 582 2473 645 2546; x_wconf 88' lang='lat' dir='ltr'>sed</span> <span class='ocrx_word' id='word_1_141' title='bbox 665 2474 779 2546; x_wconf 89' lang='lat' dir='ltr'>etiam</span> <span class='ocrx_word' id='word_1_142' title='bbox 792 2497 838 2546; x_wconf 91' lang='lat' dir='ltr'>ea</span> <span class='ocrx_word' id='word_1_143' title='bbox 854 2498 939 2569; x_wconf 89' lang='lat' dir='ltr'>quae</span> <span class='ocrx_word' id='word_1_144' title='bbox 955 2474 1069 2547; x_wconf 87' lang='lat' dir='ltr'>habet</span> <span class='ocrx_word' id='word_1_145' title='bbox 1087 2475 1229 2548; x_wconf 83' lang='lat' dir='ltr'>domiai</span> <span class='ocrx_word' id='word_1_146' title='bbox 1246 2488 1349 2568; x_wconf 88' lang='lat' dir='ltr'>sunt,</span> <span class='ocrx_word' id='word_1_147' title='bbox 1446 2535 1447 2546; x_wconf 70' lang='grc'>,</span> 
     </span>
     <span class='ocr_line' id='line_1_21' title="bbox 293 2585 1350 2683; baseline 0.005 -25"><span class='ocrx_word' id='word_1_148' title='bbox 293 2585 377 2659; x_wconf 88' lang='lat' dir='ltr'>ideo</span> <span class='ocrx_word' id='word_1_149' title='bbox 395 2598 433 2659; x_wconf 92' lang='lat' dir='ltr'>et</span> <span class='ocrx_word' id='word_1_150' title='bbox 449 2587 550 2658; x_wconf 75' lang='lat' dir='ltr'>servi</span> <span class='ocrx_word' id='word_1_151' title='bbox 567 2586 664 2659; x_wconf 89' lang='lat' dir='ltr'>illius</span> <span class='ocrx_word' id='word_1_152' title='bbox 681 2588 791 2682; x_wconf 85' lang='lat' dir='ltr'>hujus</span> <span class='ocrx_word' id='word_1_153' title='bbox 816 2598 925 2670; x_wconf 87' lang='lat' dir='ltr'>sunt;</span> <span class='ocrx_word' id='word_1_154' title='bbox 950 2611 1072 2683; x_wconf 90' lang='lat' dir='ltr'>neque</span> <span class='ocrx_word' id='word_1_155' title='bbox 1088 2598 1215 2683; x_wconf 87' lang='lat' dir='ltr'>potest</span> <span class='ocrx_word' id='word_1_156' title='bbox 1233 2589 1350 2664; x_wconf 85' lang='lat' dir='ltr'>dami-</span> 
     </span>
     <span class='ocr_line' id='line_1_22' title="bbox 294 2699 1349 2797; baseline 0.003 -25"><span class='ocrx_word' id='word_1_157' title='bbox 294 2725 362 2772; x_wconf 73' lang='lat' dir='ltr'>nas</span> <span class='ocrx_word' id='word_1_158' title='bbox 389 2699 533 2773; x_wconf 75' lang='lat' dir='ltr'>aredius</span> <span class='ocrx_word' id='word_1_159' title='bbox 551 2699 597 2772; x_wconf 91' lang='lat' dir='ltr'>de</span> <span class='ocrx_word' id='word_1_160' title='bbox 624 2699 668 2773; x_wconf 88' lang='lat' dir='ltr'>iis</span> <span class='ocrx_word' id='word_1_161' title='bbox 694 2699 802 2772; x_wconf 87' lang='lat' dir='ltr'>aliter</span> <span class='ocrx_word' id='word_1_162' title='bbox 828 2699 1035 2795; x_wconf 90' lang='lat' dir='ltr'>disponere,</span> <span class='ocrx_word' id='word_1_163' title='bbox 1055 2724 1168 2797; x_wconf 90' lang='lat' dir='ltr'>quam</span> <span class='ocrx_word' id='word_1_164' title='bbox 1199 2701 1349 2775; x_wconf 82' lang='lat' dir='ltr'>domino</span> 
     </span>
     <span class='ocr_line' id='line_1_23' title="bbox 292 2812 1348 2911; baseline 0.005 -27"><span class='ocrx_word' id='word_1_165' title='bbox 292 2835 465 2911; x_wconf 67' lang='lat' dir='ltr'>saparante</span> <span class='ocrx_word' id='word_1_166' title='bbox 474 2812 593 2885; x_wconf 90' lang='lat' dir='ltr'>visum</span> <span class='ocrx_word' id='word_1_167' title='bbox 610 2812 733 2885; x_wconf 88' lang='lat' dir='ltr'>fuerit.</span> <span class='ocrx_word' id='word_1_168' title='bbox 784 2813 832 2885; x_wconf 86' lang='lat' dir='ltr'>Et</span> <span class='ocrx_word' id='word_1_169' title='bbox 848 2823 1047 2909; x_wconf 87' lang='lat' dir='ltr'>propterea</span> <span class='ocrx_word' id='word_1_170' title='bbox 1063 2814 1102 2886; x_wconf 93' lang='lat' dir='ltr'>in</span> <span class='ocrx_word' id='word_1_171' title='bbox 1120 2815 1348 2905; x_wconf 62' lang='lat' dir='ltr'>civitatibus</span> 
     </span>
     <span class='ocr_line' id='line_1_24' title="bbox 293 2924 1350 3021; baseline 0.006 -23"><span class='ocrx_word' id='word_1_172' title='bbox 293 2924 489 3021; x_wconf 87' lang='lat' dir='ltr'>siquando</span> <span class='ocrx_word' id='word_1_173' title='bbox 508 2925 667 2998; x_wconf 78' lang='lat' dir='ltr'>dominia</span> <span class='ocrx_word' id='word_1_174' title='bbox 692 2925 732 2997; x_wconf 93' lang='lat' dir='ltr'>iu</span> <span class='ocrx_word' id='word_1_175' title='bbox 755 2948 884 2998; x_wconf 76' lang='lat' dir='ltr'>seruos</span> <span class='ocrx_word' id='word_1_176' title='bbox 911 2926 1080 3020; x_wconf 90' lang='lat' dir='ltr'>potentia</span> <span class='ocrx_word' id='word_1_177' title='bbox 1100 2927 1272 3002; x_wconf 91' lang='lat' dir='ltr'>absoluta</span> <span class='ocrx_word' id='word_1_178' title='bbox 1288 2929 1350 3004; x_wconf 82' lang='lat' dir='ltr'>fu-</span> 
     </span>
     <span class='ocr_line' id='line_1_25' title="bbox 291 3038 1350 3140; baseline 0.006 -30"><span class='ocrx_word' id='word_1_179' title='bbox 291 3038 375 3127; x_wconf 91' lang='lat' dir='ltr'>erit,</span> <span class='ocrx_word' id='word_1_180' title='bbox 393 3062 439 3111; x_wconf 86' lang='lat' dir='ltr'>ea</span> <span class='ocrx_word' id='word_1_181' title='bbox 463 3063 486 3111; x_wconf 90' lang='lat' dir='ltr'>a</span> <span class='ocrx_word' id='word_1_182' title='bbox 508 3039 592 3134; x_wconf 89' lang='lat' dir='ltr'>jure</span> <span class='ocrx_word' id='word_1_183' title='bbox 621 3050 765 3111; x_wconf 87' lang='lat' dir='ltr'>naturae</span> <span class='ocrx_word' id='word_1_184' title='bbox 792 3051 875 3111; x_wconf 89' lang='lat' dir='ltr'>orta</span> <span class='ocrx_word' id='word_1_185' title='bbox 900 3061 978 3111; x_wconf 86' lang='lat' dir='ltr'>esse</span> <span class='ocrx_word' id='word_1_186' title='bbox 1007 3049 1190 3130; x_wconf 89' lang='lat' dir='ltr'>censetur,</span> <span class='ocrx_word' id='word_1_187' title='bbox 1209 3054 1248 3115; x_wconf 91' lang='lat' dir='ltr'>et</span> <span class='ocrx_word' id='word_1_188' title='bbox 1264 3043 1350 3140; x_wconf 86' lang='lat' dir='ltr'>lege</span> 
     </span>
     <span class='ocr_line' id='line_1_26' title="bbox 291 3151 1017 3248; baseline -0.001 -24"><span class='ocrx_word' id='word_1_189' title='bbox 291 3151 391 3224; x_wconf 87' lang='lat' dir='ltr'>civili</span> <span class='ocrx_word' id='word_1_190' title='bbox 408 3176 485 3224; x_wconf 93' lang='lat' dir='ltr'>non</span> <span class='ocrx_word' id='word_1_191' title='bbox 503 3152 715 3242; x_wconf 86' lang='lat' dir='ltr'>constituta,</span> <span class='ocrx_word' id='word_1_192' title='bbox 735 3152 800 3225; x_wconf 90' lang='lat' dir='ltr'>sed</span> <span class='ocrx_word' id='word_1_193' title='bbox 816 3152 1017 3248; x_wconf 88' lang='lat' dir='ltr'>praeterita.</span> 
     </span>
    </p>

    <p class='ocr_par' dir='ltr' id='par_1_11' title="bbox 80 3179 1445 3366">
     <span class='ocr_line' id='line_1_27' title="bbox 80 3264 1349 3366; baseline 0 -24"><span class='ocrx_word' id='word_1_194' title='bbox 80 3288 247 3366; x_wconf 59' lang='lat' dir='ltr'>satamon.</span> <span class='ocrx_word' id='word_1_195' title='bbox 342 3275 378 3338; x_wconf 88' lang='lat'>9.</span> <span class='ocrx_word' id='word_1_196' title='bbox 404 3264 543 3339; x_wconf 72' lang='lat' dir='ltr'>Seruus</span> <span class='ocrx_word' id='word_1_197' title='bbox 560 3265 692 3341; x_wconf 88' lang='lat' dir='ltr'>iisdem</span> <span class='ocrx_word' id='word_1_198' title='bbox 709 3266 829 3339; x_wconf 90' lang='lat' dir='ltr'>modis</span> <span class='ocrx_word' id='word_1_199' title='bbox 851 3266 1033 3338; x_wconf 73' lang='lat' dir='ltr'>servitute</span> <span class='ocrx_word' id='word_1_200' title='bbox 1053 3264 1247 3354; x_wconf 88' lang='lat' dir='ltr'>liberatur,</span> <span class='ocrx_word' id='word_1_201' title='bbox 1266 3269 1349 3365; x_wconf 90' lang='lat' dir='ltr'>qui-</span> 
     </span>
    </p>

    <p class='ocr_par' dir='ltr' id='par_1_12' title="bbox 80 3353 1444 4272">
     <span class='ocr_line' id='line_1_28' title="bbox 80 3353 1444 3456; baseline 0.001 -4"><span class='ocrx_word' id='word_1_202' title='bbox 80 3369 137 3402; x_wconf 49' lang='grc' dir='ltr'>’Μ</span> <span class='ocrx_word' id='word_1_203' title='bbox 151 3353 360 3452; x_wconf 66' lang='lat' dir='ltr'>llbelmntur‘bus</span> <span class='ocrx_word' id='word_1_204' title='bbox 376 3380 549 3454; x_wconf 75' lang='lat' dir='ltr'>subditur</span> <span class='ocrx_word' id='word_1_205' title='bbox 574 3381 614 3453; x_wconf 93' lang='lat' dir='ltr'>in</span> <span class='ocrx_word' id='word_1_206' title='bbox 640 3379 796 3453; x_wconf 81' lang='lat' dir='ltr'>civitate</span> <span class='ocrx_word' id='word_1_207' title='bbox 820 3377 1032 3452; x_wconf 77' lang='lat' dir='ltr'>institutive</span> <span class='ocrx_word' id='word_1_208' title='bbox 1049 3378 1231 3454; x_wconf 88' lang='lat' dir='ltr'>liberatur</span> <span class='ocrx_word' id='word_1_209' title='bbox 1260 3383 1349 3456; x_wconf 91' lang='lat' dir='ltr'>sub-</span> <span class='ocrx_word' id='word_1_210' title='bbox 1443 3451 1444 3454; x_wconf 74' lang='grc'>,</span> 
     </span>
     <span class='ocr_line' id='line_1_29' title="bbox 287 3491 1347 3592; baseline 0 -24"><span class='ocrx_word' id='word_1_211' title='bbox 287 3494 463 3592; x_wconf 86' lang='lat' dir='ltr'>jectione.</span> <span class='ocrx_word' id='word_1_212' title='bbox 490 3493 623 3583; x_wconf 91' lang='lat' dir='ltr'>Primo,</span> <span class='ocrx_word' id='word_1_213' title='bbox 631 3494 662 3566; x_wconf 91' lang='lat' dir='ltr'>si</span> <span class='ocrx_word' id='word_1_214' title='bbox 673 3493 842 3565; x_wconf 74' lang='lat' dir='ltr'>dontinus</span> <span class='ocrx_word' id='word_1_215' title='bbox 851 3516 937 3565; x_wconf 91' lang='lat' dir='ltr'>eum</span> <span class='ocrx_word' id='word_1_216' title='bbox 946 3491 1121 3564; x_wconf 87' lang='lat' dir='ltr'>libertate</span> <span class='ocrx_word' id='word_1_217' title='bbox 1134 3492 1347 3568; x_wconf 88' lang='lat' dir='ltr'>donaverit.</span> 
     </span>
     <span class='ocr_line' id='line_1_30' title="bbox 291 3606 1349 3703; baseline -0.001 -20"><span class='ocrx_word' id='word_1_218' title='bbox 291 3606 389 3683; x_wconf 84' lang='lat' dir='ltr'>Nam</span> <span class='ocrx_word' id='word_1_219' title='bbox 407 3608 507 3703; x_wconf 90' lang='lat' dir='ltr'>quod</span> <span class='ocrx_word' id='word_1_220' title='bbox 520 3609 580 3703; x_wconf 91' lang='lat' dir='ltr'>jus</span> <span class='ocrx_word' id='word_1_221' title='bbox 597 3607 636 3680; x_wconf 89' lang='lat' dir='ltr'>in</span> <span class='ocrx_word' id='word_1_222' title='bbox 654 3630 693 3679; x_wconf 89' lang='lat' dir='ltr'>se</span> <span class='ocrx_word' id='word_1_223' title='bbox 710 3630 840 3688; x_wconf 78' lang='lat' dir='ltr'>servus</span> <span class='ocrx_word' id='word_1_224' title='bbox 868 3606 1013 3678; x_wconf 79' lang='lat' dir='ltr'>domino</span> <span class='ocrx_word' id='word_1_225' title='bbox 1030 3607 1233 3697; x_wconf 84' lang='lat' dir='ltr'>transtulit,</span> <span class='ocrx_word' id='word_1_226' title='bbox 1246 3609 1349 3682; x_wconf 89' lang='lat' dir='ltr'>idem</span> 
     </span>
     <span class='ocr_line' id='line_1_31' title="bbox 289 3718 1350 3819; baseline -0.001 -24"><span class='ocrx_word' id='word_1_227' title='bbox 289 3734 416 3819; x_wconf 91' lang='lat' dir='ltr'>potest</span> <span class='ocrx_word' id='word_1_228' title='bbox 433 3720 600 3794; x_wconf 72' lang='lat' dir='ltr'>dominae</span> <span class='ocrx_word' id='word_1_229' title='bbox 617 3743 725 3793; x_wconf 74' lang='lat' dir='ltr'>seran</span> <span class='ocrx_word' id='word_1_230' title='bbox 737 3743 864 3792; x_wconf 75' lang='lat' dir='ltr'>narsus</span> <span class='ocrx_word' id='word_1_231' title='bbox 877 3718 1044 3792; x_wconf 87' lang='lat' dir='ltr'>reddere.</span> <span class='ocrx_word' id='word_1_232' title='bbox 1093 3719 1219 3816; x_wconf 88' lang='lat' dir='ltr'>Atque</span> <span class='ocrx_word' id='word_1_233' title='bbox 1235 3720 1350 3795; x_wconf 88' lang='lat' dir='ltr'>liber-</span> 
     </span>
     <span class='ocr_line' id='line_1_32' title="bbox 290 3831 1351 3911; baseline -0.002 0"><span class='ocrx_word' id='word_1_234' title='bbox 290 3837 378 3911; x_wconf 87' lang='lat' dir='ltr'>tatis</span> <span class='ocrx_word' id='word_1_235' title='bbox 413 3834 564 3909; x_wconf 84' lang='lat' dir='ltr'>donatio</span> <span class='ocrx_word' id='word_1_236' title='bbox 595 3834 680 3907; x_wconf 87' lang='lat' dir='ltr'>talis</span> <span class='ocrx_word' id='word_1_237' title='bbox 711 3854 983 3908; x_wconf 78' lang='lat' dir='ltr'>Manuurssro</span> <span class='ocrx_word' id='word_1_238' title='bbox 1019 3831 1169 3906; x_wconf 83' lang='lat' dir='ltr'>dicitur.</span> <span class='ocrx_word' id='word_1_239' title='bbox 1234 3835 1351 3909; x_wconf 78' lang='lat' dir='ltr'>Quod</span> 
     </span>
     <span class='ocr_line' id='line_1_33' title="bbox 292 3945 1350 4041; baseline -0.004 -17"><span class='ocrx_word' id='word_1_240' title='bbox 292 3949 410 4024; x_wconf 89' lang='lat' dir='ltr'>simile</span> <span class='ocrx_word' id='word_1_241' title='bbox 437 3959 506 4037; x_wconf 89' lang='lat' dir='ltr'>est,</span> <span class='ocrx_word' id='word_1_242' title='bbox 524 3971 567 4020; x_wconf 86' lang='lat' dir='ltr'>ac</span> <span class='ocrx_word' id='word_1_243' title='bbox 597 3947 628 4019; x_wconf 86' lang='lat' dir='ltr'>si</span> <span class='ocrx_word' id='word_1_244' title='bbox 659 3946 789 4020; x_wconf 87' lang='lat' dir='ltr'>civitas</span> <span class='ocrx_word' id='word_1_245' title='bbox 817 3945 889 4019; x_wconf 86' lang='lat' dir='ltr'>civi</span> <span class='ocrx_word' id='word_1_246' title='bbox 922 3945 1133 4041; x_wconf 90' lang='lat' dir='ltr'>permiserit</span> <span class='ocrx_word' id='word_1_247' title='bbox 1163 3945 1203 4018; x_wconf 91' lang='lat' dir='ltr'>in</span> <span class='ocrx_word' id='word_1_248' title='bbox 1235 3947 1350 4020; x_wconf 85' lang='lat' dir='ltr'>aliam</span> 
     </span>
     <span class='ocr_line' id='line_1_34' title="bbox 291 4058 1351 4150; baseline -0.002 -14"><span class='ocrx_word' id='word_1_249' title='bbox 291 4063 480 4136; x_wconf 82' lang='lat' dir='ltr'>civitatem</span> <span class='ocrx_word' id='word_1_250' title='bbox 497 4085 537 4135; x_wconf 88' lang='lat' dir='ltr'>se</span> <span class='ocrx_word' id='word_1_251' title='bbox 555 4059 764 4133; x_wconf 88' lang='lat' dir='ltr'>transferre.</span> <span class='ocrx_word' id='word_1_252' title='bbox 818 4058 1000 4150; x_wconf 85' lang='lat' dir='ltr'>Secunde,</span> <span class='ocrx_word' id='word_1_253' title='bbox 1019 4059 1051 4132; x_wconf 90' lang='lat' dir='ltr'>si</span> <span class='ocrx_word' id='word_1_254' title='bbox 1069 4058 1238 4133; x_wconf 76' lang='lat' dir='ltr'>dominas</span> <span class='ocrx_word' id='word_1_255' title='bbox 1264 4085 1351 4134; x_wconf 79' lang='lat' dir='ltr'>rer-</span> 
     </span>
     <span class='ocr_line' id='line_1_35' title="bbox 291 4172 1349 4272; baseline 0.001 -24"><span class='ocrx_word' id='word_1_256' title='bbox 291 4199 372 4248; x_wconf 80' lang='lat' dir='ltr'>aam</span> <span class='ocrx_word' id='word_1_257' title='bbox 388 4200 411 4248; x_wconf 89' lang='lat' dir='ltr'>a</span> <span class='ocrx_word' id='word_1_258' title='bbox 428 4201 467 4249; x_wconf 90' lang='lat' dir='ltr'>se</span> <span class='ocrx_word' id='word_1_259' title='bbox 485 4173 646 4272; x_wconf 57' lang='lat' dir='ltr'>abigam</span> <span class='ocrx_word' id='word_1_260' title='bbox 672 4172 711 4246; x_wconf 91' lang='lat' dir='ltr'>id</span> <span class='ocrx_word' id='word_1_261' title='bbox 726 4173 826 4270; x_wconf 90' lang='lat' dir='ltr'>quod</span> <span class='ocrx_word' id='word_1_262' title='bbox 843 4174 882 4247; x_wconf 92' lang='lat' dir='ltr'>in</span> <span class='ocrx_word' id='word_1_263' title='bbox 900 4172 1051 4248; x_wconf 86' lang='lat' dir='ltr'>civitate</span> <span class='ocrx_word' id='word_1_264' title='bbox 1070 4172 1246 4248; x_wconf 71' lang='lat' dir='ltr'>resiliam</span> <span class='ocrx_word' id='word_1_265' title='bbox 1263 4185 1320 4248; x_wconf 88' lang='lat' dir='ltr'>est</span> <span class='ocrx_word' id='word_1_266' title='bbox 1337 4205 1349 4250; x_wconf 67' lang='lat' dir='ltr'>a</span> 
     </span>
    </p>
   </div>
   <div class='ocr_carea' id='block_1_3' title="bbox 0 0 1464 4912">
    <p class='ocr_par' dir='ltr' id='par_1_13' title="bbox 0 0 1464 4912">
     <span class='ocr_line' id='line_1_36' title="bbox 0 0 1464 4912; baseline 0 1"><span class='ocrx_word' id='word_1_267' title='bbox 0 0 1464 4912; x_wconf 95' lang='lat' dir='ltr'> </span> 
     </span>
    </p>
   </div>
  </div>
 </body>
</html>
