<?xml version="1.0" encoding="UTF-8"?>
<!DOCTYPE html PUBLIC "-//W3C//DTD XHTML 1.0 Transitional//EN"
    "http://www.w3.org/TR/xhtml1/DTD/xhtml1-transitional.dtd">
<html xmlns="http://www.w3.org/1999/xhtml" xml:lang="en" lang="en">
 <head>
  <title>
</title>
<meta http-equiv="Content-Type" content="text/html;charset=utf-8" />
  <meta name='ocr-system' content='tesseract 3.04.00' />
  <meta name='ocr-capabilities' content='ocr_page ocr_carea ocr_par ocr_line ocrx_word'/>
</head>
<body>
  <div class='ocr_page' id='page_1' title='image "./thomhobbesmalme09hobbgoog_0408.png"; bbox 0 0 2904 4912; ppageno 0'>
   <div class='ocr_carea' id='block_1_1' title="bbox 227 303 1136 371">
    <p class='ocr_par' dir='ltr' id='par_1_1' title="bbox 227 303 1136 371">
     <span class='ocr_line' id='line_1_1' title="bbox 227 303 1136 371; baseline 0 -3"><span class='ocrx_word' id='word_1_1' title='bbox 227 316 281 369; x_wconf 87' lang='lat' dir='ltr'>nu</span> <span class='ocrx_word' id='word_1_2' title='bbox 302 316 444 368; x_wconf 77' lang='lat' dir='ltr'>annuo</span> <span class='ocrx_word' id='word_1_3' title='bbox 464 315 637 369; x_wconf 70' lang='lat' dir='ltr'>nur&#39;rns</span> <span class='ocrx_word' id='word_1_4' title='bbox 655 315 822 371; x_wconf 73' lang='lat' dir='ltr'>sacrum</span> <span class='ocrx_word' id='word_1_5' title='bbox 843 317 1008 370; x_wconf 79' lang='lat' dir='ltr'>novum.</span> <span class='ocrx_word' id='word_1_6' title='bbox 1062 303 1136 370; x_wconf 81' lang='lat'>393</span> 
     </span>
    </p>
   </div>
   <div class='ocr_carea' id='block_1_2' title="bbox 99 483 1337 704">
    <p class='ocr_par' dir='ltr' id='par_1_2' title="bbox 99 483 1337 704">
     <span class='ocr_line' id='line_1_2' title="bbox 107 483 1337 582; baseline -0.004 -22"><span class='ocrx_word' id='word_1_7' title='bbox 107 511 112 523; x_wconf 79' lang='grc'>’</span> <span class='ocrx_word' id='word_1_8' title='bbox 155 487 212 568; x_wconf 89' lang='grc'>17.</span> <span class='ocrx_word' id='word_1_9' title='bbox 238 485 286 558; x_wconf 85' lang='lat' dir='ltr'>Et</span> <span class='ocrx_word' id='word_1_10' title='bbox 304 484 452 582; x_wconf 90' lang='lat' dir='ltr'>quidem</span> <span class='ocrx_word' id='word_1_11' title='bbox 468 483 573 558; x_wconf 82' lang='lat' dir='ltr'>verbi</span> <span class='ocrx_word' id='word_1_12' title='bbox 590 483 677 574; x_wconf 87' lang='lat' dir='ltr'>Dei,</span> <span class='ocrx_word' id='word_1_13' title='bbox 696 503 771 558; x_wconf 89' lang='lat' dir='ltr'>non</span> <span class='ocrx_word' id='word_1_14' title='bbox 790 507 860 558; x_wconf 88' lang='lat' dir='ltr'>vox</span> <span class='ocrx_word' id='word_1_15' title='bbox 878 494 915 558; x_wconf 86' lang='lat' dir='ltr'>et</span> <span class='ocrx_word' id='word_1_16' title='bbox 932 483 1042 560; x_wconf 90' lang='lat' dir='ltr'>litera</span> <span class='ocrx_word' id='word_1_17' title='bbox 1057 483 1144 560; x_wconf 90' lang='lat' dir='ltr'>doc·</span> <span class='ocrx_word' id='word_1_18' title='bbox 1173 521 1271 574; x_wconf 63' lang='lat' dir='ltr'>sm,</span> <span class='ocrx_word' id='word_1_19' title='bbox 1285 523 1337 576; x_wconf 89' lang='lat' dir='ltr'>ru.</span> 
     </span>
     <span class='ocr_line' id='line_1_3' title="bbox 99 597 1327 704; baseline -0.002 -32"><span class='ocrx_word' id='word_1_20' title='bbox 99 598 207 672; x_wconf 83' lang='lat' dir='ltr'>trinae</span> <span class='ocrx_word' id='word_1_21' title='bbox 233 599 451 672; x_wconf 75' lang='lat' dir='ltr'>Christianae</span> <span class='ocrx_word' id='word_1_22' title='bbox 478 622 596 672; x_wconf 86' lang='lat' dir='ltr'>canon</span> <span class='ocrx_word' id='word_1_23' title='bbox 621 609 688 687; x_wconf 83' lang='lat' dir='ltr'>est,</span> <span class='ocrx_word' id='word_1_24' title='bbox 709 597 774 672; x_wconf 92' lang='lat' dir='ltr'>sed</span> <span class='ocrx_word' id='word_1_25' title='bbox 798 599 982 674; x_wconf 80' lang='lat' dir='ltr'>sententio</span> <span class='ocrx_word' id='word_1_26' title='bbox 1002 621 1088 674; x_wconf 88' lang='lat' dir='ltr'>vera</span> <span class='ocrx_word' id='word_1_27' title='bbox 1105 610 1144 674; x_wconf 86' lang='lat' dir='ltr'>et</span> <span class='ocrx_word' id='word_1_28' title='bbox 1183 600 1327 704; x_wconf 51' lang='lat' dir='ltr'><strong><em>L</em></strong></span> 
     </span>
    </p>
   </div>
   <div class='ocr_carea' id='block_1_3' title="bbox 79 710 1356 4327">
    <p class='ocr_par' dir='ltr' id='par_1_3' title="bbox 96 710 1356 1149">
     <span class='ocr_line' id='line_1_4' title="bbox 98 710 1355 809; baseline 0.002 -25"><span class='ocrx_word' id='word_1_29' title='bbox 98 711 280 808; x_wconf 85' lang='lat' dir='ltr'>genuinc;</span> <span class='ocrx_word' id='word_1_30' title='bbox 306 710 499 787; x_wconf 89' lang='lat' dir='ltr'>nonenim</span> <span class='ocrx_word' id='word_1_31' title='bbox 524 710 665 807; x_wconf 83' lang='lat' dir='ltr'>regitur</span> <span class='ocrx_word' id='word_1_32' title='bbox 689 711 833 786; x_wconf 86' lang='lat' dir='ltr'>animus</span> <span class='ocrx_word' id='word_1_33' title='bbox 849 735 916 809; x_wconf 90' lang='lat' dir='ltr'>per</span> <span class='ocrx_word' id='word_1_34' title='bbox 934 712 1143 808; x_wconf 80' lang='lat' dir='ltr'><strong>Scripturas</strong></span> <span class='ocrx_word' id='word_1_35' title='bbox 1157 739 1355 798; x_wconf 53' lang='lat' dir='ltr'>venenosum</span> 
     </span>
     <span class='ocr_line' id='line_1_5' title="bbox 98 805 1356 922; baseline 0.002 -24"><span class='ocrx_word' id='word_1_36' title='bbox 98 825 168 898; x_wconf 89' lang='lat' dir='ltr'>nisi</span> <span class='ocrx_word' id='word_1_37' title='bbox 185 825 403 900; x_wconf 86' lang='lat' dir='ltr'>intellectas.</span> <span class='ocrx_word' id='word_1_38' title='bbox 455 823 655 920; x_wconf 89' lang='lat' dir='ltr'>Scripturis</span> <span class='ocrx_word' id='word_1_39' title='bbox 681 823 807 922; x_wconf 86' lang='lat' dir='ltr'>igitur,</span> <span class='ocrx_word' id='word_1_40' title='bbox 823 835 867 900; x_wconf 90' lang='lat' dir='ltr'>ut</span> <span class='ocrx_word' id='word_1_41' title='bbox 891 827 984 900; x_wconf 89' lang='lat' dir='ltr'>fiant</span> <span class='ocrx_word' id='word_1_42' title='bbox 1010 849 1142 916; x_wconf 87' lang='lat' dir='ltr'>canon,</span> <span class='ocrx_word' id='word_1_43' title='bbox 1155 805 1356 916; x_wconf 53' lang='lat' dir='ltr'>fflfflfil&#39;</span> 
     </span>
     <span class='ocr_line' id='line_1_6' title="bbox 97 935 1305 1036; baseline 0.004 -26"><span class='ocrx_word' id='word_1_44' title='bbox 97 937 301 1036; x_wconf 84' lang='lat' dir='ltr'>interprete</span> <span class='ocrx_word' id='word_1_45' title='bbox 318 961 409 1035; x_wconf 88' lang='lat' dir='ltr'>opus</span> <span class='ocrx_word' id='word_1_46' title='bbox 427 948 495 1012; x_wconf 90' lang='lat' dir='ltr'>est.</span> <span class='ocrx_word' id='word_1_47' title='bbox 547 938 721 1034; x_wconf 83' lang='lat' dir='ltr'>Sequitur</span> <span class='ocrx_word' id='word_1_48' title='bbox 740 951 864 1014; x_wconf 86' lang='lat' dir='ltr'>autem</span> <span class='ocrx_word' id='word_1_49' title='bbox 881 939 967 1014; x_wconf 91' lang='lat' dir='ltr'>binc</span> <span class='ocrx_word' id='word_1_50' title='bbox 984 939 1142 1014; x_wconf 89' lang='lat' dir='ltr'>duorum</span> <span class='ocrx_word' id='word_1_51' title='bbox 1155 936 1246 980; x_wconf 59' lang='lat' dir='ltr'>&#39;&#39;lm&#39;‘</span> <span class='ocrx_word' id='word_1_52' title='bbox 1258 935 1305 982; x_wconf 68' lang='lat'>⁰⁰²</span> 
     </span>
     <span class='ocr_line' id='line_1_7' title="bbox 96 1051 1140 1149; baseline 0 -23"><span class='ocrx_word' id='word_1_53' title='bbox 96 1052 265 1141; x_wconf 83' lang='lat' dir='ltr'>alterum,</span> <span class='ocrx_word' id='word_1_54' title='bbox 283 1061 348 1126; x_wconf 88' lang='lat' dir='ltr'>aut</span> <span class='ocrx_word' id='word_1_55' title='bbox 372 1052 525 1126; x_wconf 89' lang='lat' dir='ltr'>verbum</span> <span class='ocrx_word' id='word_1_56' title='bbox 549 1051 759 1149; x_wconf 81' lang='lat' dir='ltr'>interpretis</span> <span class='ocrx_word' id='word_1_57' title='bbox 784 1077 864 1128; x_wconf 90' lang='lat' dir='ltr'>esse</span> <span class='ocrx_word' id='word_1_58' title='bbox 887 1053 1041 1130; x_wconf 81' lang='lat' dir='ltr'>verbum</span> <span class='ocrx_word' id='word_1_59' title='bbox 1058 1053 1140 1148; x_wconf 87' lang='lat' dir='ltr'>Dei,</span> 
     </span>
    </p>

    <p class='ocr_par' dir='ltr' id='par_1_4' title="bbox 95 1163 1142 1242">
     <span class='ocr_line' id='line_1_8' title="bbox 95 1163 1142 1242; baseline 0.002 -4"><span class='ocrx_word' id='word_1_60' title='bbox 95 1175 161 1238; x_wconf 87' lang='lat' dir='ltr'>aut</span> <span class='ocrx_word' id='word_1_61' title='bbox 178 1189 357 1238; x_wconf 87' lang='lat' dir='ltr'>canonem</span> <span class='ocrx_word' id='word_1_62' title='bbox 371 1163 549 1240; x_wconf 73' lang='lat' dir='ltr'>doctrinae</span> <span class='ocrx_word' id='word_1_63' title='bbox 564 1163 784 1240; x_wconf 85' lang='lat' dir='ltr'>Christianae</span> <span class='ocrx_word' id='word_1_64' title='bbox 800 1190 875 1242; x_wconf 92' lang='lat' dir='ltr'>non</span> <span class='ocrx_word' id='word_1_65' title='bbox 894 1189 972 1242; x_wconf 87' lang='lat' dir='ltr'>esse</span> <span class='ocrx_word' id='word_1_66' title='bbox 988 1167 1142 1241; x_wconf 86' lang='lat' dir='ltr'>verbum</span> 
     </span>
    </p>

    <p class='ocr_par' dir='ltr' id='par_1_5' title="bbox 92 1276 1142 1604">
     <span class='ocr_line' id='line_1_9' title="bbox 94 1276 1141 1374; baseline 0.002 -22"><span class='ocrx_word' id='word_1_67' title='bbox 94 1278 176 1352; x_wconf 89' lang='lat' dir='ltr'>Dei.</span> <span class='ocrx_word' id='word_1_68' title='bbox 230 1278 376 1351; x_wconf 92' lang='lat' dir='ltr'>Horum</span> <span class='ocrx_word' id='word_1_69' title='bbox 403 1276 585 1374; x_wconf 81' lang='lat' dir='ltr'>posterius</span> <span class='ocrx_word' id='word_1_70' title='bbox 619 1277 752 1352; x_wconf 84' lang='lat' dir='ltr'>falsum</span> <span class='ocrx_word' id='word_1_71' title='bbox 783 1301 862 1354; x_wconf 86' lang='lat' dir='ltr'>esse</span> <span class='ocrx_word' id='word_1_72' title='bbox 888 1303 1035 1354; x_wconf 84' lang='lat' dir='ltr'>necesse</span> <span class='ocrx_word' id='word_1_73' title='bbox 1063 1292 1141 1366; x_wconf 74' lang='lat' dir='ltr'>est3</span> 
     </span>
     <span class='ocr_line' id='line_1_10' title="bbox 93 1389 1141 1489; baseline 0.002 -25"><span class='ocrx_word' id='word_1_74' title='bbox 93 1391 275 1466; x_wconf 80' lang='lat' dir='ltr'>doctrinae</span> <span class='ocrx_word' id='word_1_75' title='bbox 293 1389 404 1480; x_wconf 87' lang='lat' dir='ltr'>enim,</span> <span class='ocrx_word' id='word_1_76' title='bbox 422 1413 503 1486; x_wconf 76' lang='lat' dir='ltr'>quar</span> <span class='ocrx_word' id='word_1_77' title='bbox 519 1389 621 1464; x_wconf 82' lang='lat' dir='ltr'>nulla</span> <span class='ocrx_word' id='word_1_78' title='bbox 640 1391 784 1464; x_wconf 89' lang='lat' dir='ltr'>ratione</span> <span class='ocrx_word' id='word_1_79' title='bbox 801 1393 973 1483; x_wconf 84' lang='lat' dir='ltr'>bumana,</span> <span class='ocrx_word' id='word_1_80' title='bbox 991 1391 1057 1468; x_wconf 92' lang='lat' dir='ltr'>sed</span> <span class='ocrx_word' id='word_1_81' title='bbox 1072 1415 1141 1489; x_wconf 88' lang='lat' dir='ltr'>per</span> 
     </span>
     <span class='ocr_line' id='line_1_11' title="bbox 92 1503 1142 1604; baseline 0.005 -27"><span class='ocrx_word' id='word_1_82' title='bbox 92 1503 356 1578; x_wconf 78' lang='lat' dir='ltr'>revelationem</span> <span class='ocrx_word' id='word_1_83' title='bbox 382 1503 544 1578; x_wconf 88' lang='lat' dir='ltr'>divinam</span> <span class='ocrx_word' id='word_1_84' title='bbox 565 1513 712 1578; x_wconf 85' lang='lat' dir='ltr'>tontum</span> <span class='ocrx_word' id='word_1_85' title='bbox 736 1505 821 1580; x_wconf 89' lang='lat' dir='ltr'>sciri</span> <span class='ocrx_word' id='word_1_86' title='bbox 848 1517 982 1604; x_wconf 90' lang='lat' dir='ltr'>potest,</span> <span class='ocrx_word' id='word_1_87' title='bbox 1013 1507 1142 1602; x_wconf 81' lang='lat' dir='ltr'>regula</span> 
     </span>
    </p>

    <p class='ocr_par' dir='ltr' id='par_1_6' title="bbox 93 1617 1140 1715">
     <span class='ocr_line' id='line_1_12' title="bbox 93 1617 1140 1715; baseline 0.002 -23"><span class='ocrx_word' id='word_1_88' title='bbox 93 1641 173 1692; x_wconf 88' lang='lat' dir='ltr'>esse</span> <span class='ocrx_word' id='word_1_89' title='bbox 196 1642 274 1693; x_wconf 92' lang='lat' dir='ltr'>non</span> <span class='ocrx_word' id='word_1_90' title='bbox 298 1627 421 1715; x_wconf 90' lang='lat' dir='ltr'>potest</span> <span class='ocrx_word' id='word_1_91' title='bbox 443 1617 514 1692; x_wconf 91' lang='lat' dir='ltr'>uisi</span> <span class='ocrx_word' id='word_1_92' title='bbox 531 1617 667 1692; x_wconf 87' lang='lat' dir='ltr'>divina.</span> <span class='ocrx_word' id='word_1_93' title='bbox 721 1618 842 1696; x_wconf 79' lang='lat' dir='ltr'>Quem</span> <span class='ocrx_word' id='word_1_94' title='bbox 859 1618 957 1694; x_wconf 91' lang='lat' dir='ltr'>enim</span> <span class='ocrx_word' id='word_1_95' title='bbox 979 1619 1140 1694; x_wconf 83' lang='lat' dir='ltr'>fatemur</span> 
     </span>
    </p>

    <p class='ocr_par' dir='ltr' id='par_1_7' title="bbox 91 1729 1139 1830">
     <span class='ocr_line' id='line_1_13' title="bbox 91 1729 1139 1830; baseline 0.002 -26"><span class='ocrx_word' id='word_1_96' title='bbox 91 1731 187 1804; x_wconf 89' lang='lat' dir='ltr'>scire</span> <span class='ocrx_word' id='word_1_97' title='bbox 204 1747 280 1806; x_wconf 90' lang='lat' dir='ltr'>non</span> <span class='ocrx_word' id='word_1_98' title='bbox 296 1753 416 1828; x_wconf 80' lang='lat' dir='ltr'>posse,</span> <span class='ocrx_word' id='word_1_99' title='bbox 433 1755 481 1804; x_wconf 84' lang='lat' dir='ltr'>cn</span> <span class='ocrx_word' id='word_1_100' title='bbox 505 1729 676 1804; x_wconf 86' lang='lat' dir='ltr'>doctrina</span> <span class='ocrx_word' id='word_1_101' title='bbox 700 1731 824 1830; x_wconf 89' lang='lat' dir='ltr'>aliqua</span> <span class='ocrx_word' id='word_1_102' title='bbox 840 1755 929 1806; x_wconf 90' lang='lat' dir='ltr'>vera</span> <span class='ocrx_word' id='word_1_103' title='bbox 945 1731 994 1806; x_wconf 91' lang='lat' dir='ltr'>sit</span> <span class='ocrx_word' id='word_1_104' title='bbox 1009 1754 1139 1822; x_wconf 88' lang='lat' dir='ltr'>necue,</span> 
     </span>
    </p>

    <p class='ocr_par' dir='ltr' id='par_1_8' title="bbox 89 1843 1141 2168">
     <span class='ocr_line' id='line_1_14' title="bbox 91 1843 1141 1942; baseline 0.004 -26"><span class='ocrx_word' id='word_1_105' title='bbox 91 1845 172 1941; x_wconf 88' lang='lat' dir='ltr'>ejus</span> <span class='ocrx_word' id='word_1_106' title='bbox 183 1844 404 1920; x_wconf 85' lang='lat' dir='ltr'>sententiam</span> <span class='ocrx_word' id='word_1_107' title='bbox 417 1843 595 1919; x_wconf 84' lang='lat' dir='ltr'>ineadem</span> <span class='ocrx_word' id='word_1_108' title='bbox 605 1843 1141 1942; x_wconf 76' lang='lat' dir='ltr'>doctrinaproregulnbabsre</span> 
     </span>
     <span class='ocr_line' id='line_1_15' title="bbox 89 1955 1140 2056; baseline 0.002 -26"><span class='ocrx_word' id='word_1_109' title='bbox 89 1957 316 2056; x_wconf 91' lang='lat' dir='ltr'>impossibile</span> <span class='ocrx_word' id='word_1_110' title='bbox 342 1968 411 2030; x_wconf 90' lang='lat' dir='ltr'>est.</span> <span class='ocrx_word' id='word_1_111' title='bbox 463 1956 567 2032; x_wconf 85' lang='lat' dir='ltr'>Prius</span> <span class='ocrx_word' id='word_1_112' title='bbox 592 1955 707 2054; x_wconf 85' lang='lat' dir='ltr'>igitur</span> <span class='ocrx_word' id='word_1_113' title='bbox 731 1981 860 2032; x_wconf 89' lang='lat' dir='ltr'>verum</span> <span class='ocrx_word' id='word_1_114' title='bbox 885 1969 963 2032; x_wconf 87' lang='lat' dir='ltr'>est:</span> <span class='ocrx_word' id='word_1_115' title='bbox 991 1957 1140 2032; x_wconf 80' lang='lat' dir='ltr'>verbum</span> 
     </span>
     <span class='ocr_line' id='line_1_16' title="bbox 90 2069 975 2168; baseline 0.003 -24"><span class='ocrx_word' id='word_1_116' title='bbox 90 2069 317 2168; x_wconf 79' lang='lat' dir='ltr'>interpretis</span> <span class='ocrx_word' id='word_1_117' title='bbox 336 2069 610 2167; x_wconf 81' lang='lat' dir='ltr'>Scripturonm</span> <span class='ocrx_word' id='word_1_118' title='bbox 627 2093 707 2144; x_wconf 91' lang='lat' dir='ltr'>esse</span> <span class='ocrx_word' id='word_1_119' title='bbox 723 2069 871 2146; x_wconf 82' lang='lat' dir='ltr'>verbum</span> <span class='ocrx_word' id='word_1_120' title='bbox 887 2071 975 2148; x_wconf 81' lang='lat' dir='ltr'>Dei.</span> 
     </span>
    </p>

    <p class='ocr_par' dir='ltr' id='par_1_9' title="bbox 79 2183 1351 4327">
     <span class='ocr_line' id='line_1_17' title="bbox 144 2183 1350 2282; baseline 0.002 -24"><span class='ocrx_word' id='word_1_121' title='bbox 144 2191 203 2258; x_wconf 76' lang='lat'>18.</span> <span class='ocrx_word' id='word_1_122' title='bbox 231 2183 419 2280; x_wconf 89' lang='lat' dir='ltr'>Interpres</span> <span class='ocrx_word' id='word_1_123' title='bbox 437 2195 562 2258; x_wconf 88' lang='lat' dir='ltr'>autem</span> <span class='ocrx_word' id='word_1_124' title='bbox 584 2183 626 2274; x_wconf 89' lang='lat' dir='ltr'>is,</span> <span class='ocrx_word' id='word_1_125' title='bbox 644 2186 749 2282; x_wconf 88' lang='lat' dir='ltr'>cujus</span> <span class='ocrx_word' id='word_1_126' title='bbox 774 2187 967 2262; x_wconf 73' lang='lat' dir='ltr'>sententiae</span> <span class='ocrx_word' id='word_1_127' title='bbox 992 2195 1137 2260; x_wconf 86' lang='lat' dir='ltr'>tantum</span> <span class='ocrx_word' id='word_1_128' title='bbox 1150 2194 1350 2274; x_wconf 68' lang='lat' dir='ltr'>Ancuntuinur.</span> 
     </span>
     <span class='ocr_line' id='line_1_18' title="bbox 87 2262 1351 2404; baseline -0.002 -32"><span class='ocrx_word' id='word_1_129' title='bbox 87 2295 241 2372; x_wconf 90' lang='lat' dir='ltr'>honoris</span> <span class='ocrx_word' id='word_1_130' title='bbox 267 2294 442 2386; x_wconf 85' lang='lat' dir='ltr'>defertur,</span> <span class='ocrx_word' id='word_1_131' title='bbox 463 2307 506 2370; x_wconf 91' lang='lat' dir='ltr'>ut</span> <span class='ocrx_word' id='word_1_132' title='bbox 530 2297 708 2372; x_wconf 86' lang='lat' dir='ltr'>habeatur</span> <span class='ocrx_word' id='word_1_133' title='bbox 732 2323 801 2396; x_wconf 90' lang='lat' dir='ltr'>pro</span> <span class='ocrx_word' id='word_1_134' title='bbox 826 2299 937 2374; x_wconf 83' lang='lat' dir='ltr'>verbo</span> <span class='ocrx_word' id='word_1_135' title='bbox 955 2299 1043 2392; x_wconf 84' lang='lat' dir='ltr'>Dei,</span> <span class='ocrx_word' id='word_1_136' title='bbox 1060 2262 1351 2404; x_wconf 49' lang='lat' dir='ltr'>noniddniinssndt,</span> 
     </span>
     <span class='ocr_line' id='line_1_19' title="bbox 87 2391 1350 2516; baseline 0.004 -32"><span class='ocrx_word' id='word_1_137' title='bbox 87 2426 145 2486; x_wconf 90' lang='lat' dir='ltr'>est</span> <span class='ocrx_word' id='word_1_138' title='bbox 165 2408 322 2508; x_wconf 88' lang='lat' dir='ltr'>quilibet</span> <span class='ocrx_word' id='word_1_139' title='bbox 339 2409 402 2506; x_wconf 92' lang='lat' dir='ltr'>qui</span> <span class='ocrx_word' id='word_1_140' title='bbox 427 2433 473 2484; x_wconf 84' lang='lat' dir='ltr'>ex</span> <span class='ocrx_word' id='word_1_141' title='bbox 497 2409 625 2508; x_wconf 80' lang='lat' dir='ltr'>lingua</span> <span class='ocrx_word' id='word_1_142' title='bbox 646 2411 807 2516; x_wconf 78' lang='lat' dir='ltr'>Hebraea</span> <span class='ocrx_word' id='word_1_143' title='bbox 823 2423 862 2488; x_wconf 92' lang='lat' dir='ltr'>et</span> <span class='ocrx_word' id='word_1_144' title='bbox 879 2413 1008 2488; x_wconf 83' lang='lat' dir='ltr'>Graecs</span> <span class='ocrx_word' id='word_1_145' title='bbox 1023 2413 1136 2488; x_wconf 84' lang='lat' dir='ltr'>vertit</span> <span class='ocrx_word' id='word_1_146' title='bbox 1148 2391 1350 2502; x_wconf 46' lang='lat' dir='ltr'>iiiam?</span> 
     </span>
     <span class='ocr_line' id='line_1_20' title="bbox 87 2521 1235 2620; baseline 0.003 -22"><span class='ocrx_word' id='word_1_147' title='bbox 87 2525 321 2620; x_wconf 82' lang='lat' dir='ltr'>Scripturam</span> <span class='ocrx_word' id='word_1_148' title='bbox 333 2522 562 2598; x_wconf 82' lang='lat' dir='ltr'>auditoribus</span> <span class='ocrx_word' id='word_1_149' title='bbox 576 2523 650 2598; x_wconf 86' lang='lat' dir='ltr'>suis</span> <span class='ocrx_word' id='word_1_150' title='bbox 665 2524 817 2614; x_wconf 88' lang='lat' dir='ltr'>Latinis,</span> <span class='ocrx_word' id='word_1_151' title='bbox 829 2526 983 2613; x_wconf 84' lang='lat' dir='ltr'>Latinc;</span> <span class='ocrx_word' id='word_1_152' title='bbox 1010 2525 1135 2619; x_wconf 86' lang='lat' dir='ltr'>Gallis,</span> <span class='ocrx_word' id='word_1_153' title='bbox 1147 2521 1235 2566; x_wconf 51' lang='grc' dir='ltr'>’Μ</span> 
     </span>
     <span class='ocr_line' id='line_1_21' title="bbox 86 2637 1136 2734; baseline 0.002 -22"><span class='ocrx_word' id='word_1_154' title='bbox 86 2638 251 2722; x_wconf 86' lang='lat' dir='ltr'>Gallics;</span> <span class='ocrx_word' id='word_1_155' title='bbox 278 2647 316 2712; x_wconf 91' lang='lat' dir='ltr'>et</span> <span class='ocrx_word' id='word_1_156' title='bbox 344 2637 485 2710; x_wconf 84' lang='lat' dir='ltr'>caeteris</span> <span class='ocrx_word' id='word_1_157' title='bbox 513 2637 665 2734; x_wconf 83' lang='lat' dir='ltr'>singulis</span> <span class='ocrx_word' id='word_1_158' title='bbox 692 2639 911 2725; x_wconf 70' lang='lat' dir='ltr'>vernaculer</span> <span class='ocrx_word' id='word_1_159' title='bbox 936 2641 1136 2715; x_wconf 88' lang='lat' dir='ltr'>nonenim</span> 
     </span>
     <span class='ocr_line' id='line_1_22' title="bbox 85 2750 1135 2848; baseline 0.002 -24"><span class='ocrx_word' id='word_1_160' title='bbox 85 2762 144 2824; x_wconf 85' lang='lat' dir='ltr'>est</span> <span class='ocrx_word' id='word_1_161' title='bbox 164 2751 235 2824; x_wconf 96' lang='lat' dir='ltr'>boc</span> <span class='ocrx_word' id='word_1_162' title='bbox 251 2750 498 2848; x_wconf 87' lang='lat' dir='ltr'>interpretari.</span> <span class='ocrx_word' id='word_1_163' title='bbox 550 2751 617 2824; x_wconf 80' lang='lat' dir='ltr'>Est</span> <span class='ocrx_word' id='word_1_164' title='bbox 642 2752 741 2826; x_wconf 87' lang='lat' dir='ltr'>enim</span> <span class='ocrx_word' id='word_1_165' title='bbox 767 2777 811 2828; x_wconf 87' lang='lat' dir='ltr'>eo</span> <span class='ocrx_word' id='word_1_166' title='bbox 832 2752 1033 2830; x_wconf 88' lang='lat' dir='ltr'>universim</span> <span class='ocrx_word' id='word_1_167' title='bbox 1059 2775 1135 2826; x_wconf 91' lang='lat' dir='ltr'>ser-</span> 
     </span>
     <span class='ocr_line' id='line_1_23' title="bbox 83 2865 1136 2964; baseline 0.004 -26"><span class='ocrx_word' id='word_1_168' title='bbox 83 2865 209 2938; x_wconf 89' lang='lat' dir='ltr'>monis</span> <span class='ocrx_word' id='word_1_169' title='bbox 242 2873 385 2953; x_wconf 82' lang='lat' dir='ltr'>uatum,</span> <span class='ocrx_word' id='word_1_170' title='bbox 415 2873 457 2938; x_wconf 91' lang='lat' dir='ltr'>nt</span> <span class='ocrx_word' id='word_1_171' title='bbox 486 2886 709 2961; x_wconf 85' lang='lat' dir='ltr'>quamquam</span> <span class='ocrx_word' id='word_1_172' title='bbox 737 2866 835 2940; x_wconf 90' lang='lat' dir='ltr'>inter</span> <span class='ocrx_word' id='word_1_173' title='bbox 861 2866 978 2964; x_wconf 81' lang='lat' dir='ltr'>signa,</span> <span class='ocrx_word' id='word_1_174' title='bbox 1002 2867 1136 2964; x_wconf 90' lang='lat' dir='ltr'>quibus</span> 
     </span>
     <span class='ocr_line' id='line_1_24' title="bbox 84 2977 1136 3077; baseline 0.002 -25"><span class='ocrx_word' id='word_1_175' title='bbox 84 2988 290 3075; x_wconf 88' lang='lat' dir='ltr'>conceptus</span> <span class='ocrx_word' id='word_1_176' title='bbox 332 2987 479 3051; x_wconf 91' lang='lat' dir='ltr'>nostros</span> <span class='ocrx_word' id='word_1_177' title='bbox 522 2977 602 3052; x_wconf 83' lang='lat' dir='ltr'>aliis</span> <span class='ocrx_word' id='word_1_178' title='bbox 643 2977 896 3074; x_wconf 84' lang='lat' dir='ltr'>patefacimus,</span> <span class='ocrx_word' id='word_1_179' title='bbox 929 2979 1136 3077; x_wconf 90' lang='lat' dir='ltr'>principem</span> 
     </span>
     <span class='ocr_line' id='line_1_25' title="bbox 81 3091 1134 3190; baseline 0.003 -24"><span class='ocrx_word' id='word_1_180' title='bbox 81 3092 211 3166; x_wconf 91' lang='lat' dir='ltr'>locum</span> <span class='ocrx_word' id='word_1_181' title='bbox 223 3101 420 3180; x_wconf 83' lang='lat' dir='ltr'>mereatur,</span> <span class='ocrx_word' id='word_1_182' title='bbox 434 3115 510 3166; x_wconf 94' lang='lat' dir='ltr'>non</span> <span class='ocrx_word' id='word_1_183' title='bbox 524 3103 649 3164; x_wconf 84' lang='lat' dir='ltr'>tamen</span> <span class='ocrx_word' id='word_1_184' title='bbox 666 3091 705 3166; x_wconf 93' lang='lat' dir='ltr'>id</span> <span class='ocrx_word' id='word_1_185' title='bbox 721 3116 855 3170; x_wconf 90' lang='lat' dir='ltr'>munus</span> <span class='ocrx_word' id='word_1_186' title='bbox 872 3093 1019 3190; x_wconf 85' lang='lat' dir='ltr'>explere</span> <span class='ocrx_word' id='word_1_187' title='bbox 1036 3094 1134 3168; x_wconf 89' lang='lat' dir='ltr'>solus</span> 
     </span>
     <span class='ocr_line' id='line_1_26' title="bbox 82 3204 1135 3303; baseline 0 -22"><span class='ocrx_word' id='word_1_188' title='bbox 82 3207 167 3282; x_wconf 90' lang='lat' dir='ltr'>sine</span> <span class='ocrx_word' id='word_1_189' title='bbox 184 3229 254 3303; x_wconf 91' lang='lat' dir='ltr'>ope</span> <span class='ocrx_word' id='word_1_190' title='bbox 271 3205 471 3280; x_wconf 89' lang='lat' dir='ltr'>multarum</span> <span class='ocrx_word' id='word_1_191' title='bbox 494 3204 852 3280; x_wconf 78' lang='lat' dir='ltr'>circumstantiarum</span> <span class='ocrx_word' id='word_1_192' title='bbox 874 3205 1003 3302; x_wconf 90' lang='lat' dir='ltr'>possit.</span> <span class='ocrx_word' id='word_1_193' title='bbox 1056 3208 1135 3282; x_wconf 85' lang='lat' dir='ltr'>Ha-</span> 
     </span>
     <span class='ocr_line' id='line_1_27' title="bbox 81 3319 1135 3418; baseline 0.003 -25"><span class='ocrx_word' id='word_1_194' title='bbox 81 3321 153 3394; x_wconf 93' lang='lat' dir='ltr'>bet</span> <span class='ocrx_word' id='word_1_195' title='bbox 176 3319 275 3393; x_wconf 94' lang='lat' dir='ltr'>enim</span> <span class='ocrx_word' id='word_1_196' title='bbox 297 3319 380 3396; x_wconf 86' lang='lat' dir='ltr'>viva</span> <span class='ocrx_word' id='word_1_197' title='bbox 396 3343 469 3393; x_wconf 85' lang='lat' dir='ltr'>vox</span> <span class='ocrx_word' id='word_1_198' title='bbox 484 3330 685 3416; x_wconf 86' lang='lat' dir='ltr'>praessntes</span> <span class='ocrx_word' id='word_1_199' title='bbox 710 3320 942 3418; x_wconf 86' lang='lat' dir='ltr'>interpretes,</span> <span class='ocrx_word' id='word_1_200' title='bbox 959 3320 1135 3396; x_wconf 85' lang='lat' dir='ltr'>nimirum</span> 
     </span>
     <span class='ocr_line' id='line_1_28' title="bbox 81 3431 1135 3532; baseline 0.002 -25"><span class='ocrx_word' id='word_1_201' title='bbox 81 3443 245 3529; x_wconf 85' lang='lat' dir='ltr'>tempus,</span> <span class='ocrx_word' id='word_1_202' title='bbox 261 3431 395 3521; x_wconf 91' lang='lat' dir='ltr'>locum,</span> <span class='ocrx_word' id='word_1_203' title='bbox 413 3431 568 3522; x_wconf 77' lang='lat' dir='ltr'>uultum,</span> <span class='ocrx_word' id='word_1_204' title='bbox 591 3443 749 3528; x_wconf 83' lang='lat' dir='ltr'>gestum,</span> <span class='ocrx_word' id='word_1_205' title='bbox 767 3432 960 3508; x_wconf 89' lang='lat' dir='ltr'>consilium</span> <span class='ocrx_word' id='word_1_206' title='bbox 980 3434 1135 3532; x_wconf 87' lang='lat' dir='ltr'>loquen-</span> 
     </span>
     <span class='ocr_line' id='line_1_29' title="bbox 80 3543 1133 3642; baseline 0.003 -22"><span class='ocrx_word' id='word_1_207' title='bbox 80 3547 145 3632; x_wconf 88' lang='lat' dir='ltr'>tis,</span> <span class='ocrx_word' id='word_1_208' title='bbox 163 3557 275 3642; x_wconf 86' lang='lat' dir='ltr'>atque</span> <span class='ocrx_word' id='word_1_209' title='bbox 289 3544 401 3620; x_wconf 91' lang='lat' dir='ltr'>etiam</span> <span class='ocrx_word' id='word_1_210' title='bbox 414 3543 546 3640; x_wconf 90' lang='lat' dir='ltr'>ipsum,</span> <span class='ocrx_word' id='word_1_211' title='bbox 564 3545 628 3642; x_wconf 92' lang='lat' dir='ltr'>qui</span> <span class='ocrx_word' id='word_1_212' title='bbox 650 3545 826 3642; x_wconf 91' lang='lat' dir='ltr'>loquitur,</span> <span class='ocrx_word' id='word_1_213' title='bbox 844 3547 1008 3622; x_wconf 83' lang='lat' dir='ltr'>animum</span> <span class='ocrx_word' id='word_1_214' title='bbox 1025 3570 1133 3623; x_wconf 90' lang='lat' dir='ltr'>suum</span> 
     </span>
     <span class='ocr_line' id='line_1_30' title="bbox 80 3659 1132 3759; baseline 0.002 -25"><span class='ocrx_word' id='word_1_215' title='bbox 80 3660 166 3734; x_wconf 83' lang='lat' dir='ltr'>aliis</span> <span class='ocrx_word' id='word_1_216' title='bbox 193 3659 327 3748; x_wconf 85' lang='lat' dir='ltr'>verbis,</span> <span class='ocrx_word' id='word_1_217' title='bbox 356 3659 500 3756; x_wconf 89' lang='lat' dir='ltr'>quoties</span> <span class='ocrx_word' id='word_1_218' title='bbox 523 3683 615 3756; x_wconf 90' lang='lat' dir='ltr'>opus</span> <span class='ocrx_word' id='word_1_219' title='bbox 638 3672 705 3750; x_wconf 88' lang='lat' dir='ltr'>est,</span> <span class='ocrx_word' id='word_1_220' title='bbox 730 3662 984 3759; x_wconf 80' lang='lat' dir='ltr'>explicantem.</span> <span class='ocrx_word' id='word_1_221' title='bbox 1038 3659 1132 3736; x_wconf 77' lang='lat' dir='ltr'>Haeo</span> 
     </span>
     <span class='ocr_line' id='line_1_31' title="bbox 80 3771 1132 3871; baseline 0 -25"><span class='ocrx_word' id='word_1_222' title='bbox 80 3771 400 3868; x_wconf 83' lang='lat' dir='ltr'>interpretationis</span> <span class='ocrx_word' id='word_1_223' title='bbox 426 3771 640 3869; x_wconf 85' lang='lat' dir='ltr'>adjumenta</span> <span class='ocrx_word' id='word_1_224' title='bbox 665 3773 876 3871; x_wconf 88' lang='lat' dir='ltr'>inscriptis</span> <span class='ocrx_word' id='word_1_225' title='bbox 902 3773 1037 3848; x_wconf 84' lang='lat' dir='ltr'>veteris</span> <span class='ocrx_word' id='word_1_226' title='bbox 1062 3772 1132 3848; x_wconf 80' lang='lat' dir='ltr'>aevi</span> 
     </span>
     <span class='ocr_line' id='line_1_32' title="bbox 81 3884 1131 3984; baseline 0 -24"><span class='ocrx_word' id='word_1_227' title='bbox 81 3884 294 3960; x_wconf 83' lang='lat' dir='ltr'>desiderata</span> <span class='ocrx_word' id='word_1_228' title='bbox 315 3907 498 3975; x_wconf 85' lang='lat' dir='ltr'>revocare,</span> <span class='ocrx_word' id='word_1_229' title='bbox 522 3909 642 3981; x_wconf 92' lang='lat' dir='ltr'>neque</span> <span class='ocrx_word' id='word_1_230' title='bbox 664 3886 804 3984; x_wconf 79' lang='lat' dir='ltr'>ingenii</span> <span class='ocrx_word' id='word_1_231' title='bbox 824 3885 1041 3984; x_wconf 85' lang='lat' dir='ltr'>quotidiani,</span> <span class='ocrx_word' id='word_1_232' title='bbox 1065 3909 1131 3961; x_wconf 90' lang='lat' dir='ltr'>ne-</span> 
     </span>
     <span class='ocr_line' id='line_1_33' title="bbox 80 3998 1131 4097; baseline 0.004 -25"><span class='ocrx_word' id='word_1_233' title='bbox 80 4022 156 4096; x_wconf 86' lang='lat' dir='ltr'>que</span> <span class='ocrx_word' id='word_1_234' title='bbox 177 3999 257 4072; x_wconf 91' lang='lat' dir='ltr'>sine</span> <span class='ocrx_word' id='word_1_235' title='bbox 286 3998 493 4073; x_wconf 87' lang='lat' dir='ltr'>eruditione</span> <span class='ocrx_word' id='word_1_236' title='bbox 517 4009 555 4073; x_wconf 87' lang='lat' dir='ltr'>st</span> <span class='ocrx_word' id='word_1_237' title='bbox 582 4022 706 4074; x_wconf 89' lang='lat' dir='ltr'>rerum</span> <span class='ocrx_word' id='word_1_238' title='bbox 729 4001 966 4097; x_wconf 84' lang='lat' dir='ltr'>antiquarum</span> <span class='ocrx_word' id='word_1_239' title='bbox 989 4023 1131 4076; x_wconf 87' lang='lat' dir='ltr'>summa</span> 
     </span>
     <span class='ocr_line' id='line_1_34' title="bbox 79 4111 1131 4212; baseline 0.003 -26"><span class='ocrx_word' id='word_1_240' title='bbox 79 4112 228 4210; x_wconf 89' lang='lat' dir='ltr'>peritia,</span> <span class='ocrx_word' id='word_1_241' title='bbox 247 4111 396 4186; x_wconf 91' lang='lat' dir='ltr'>omniuo</span> <span class='ocrx_word' id='word_1_242' title='bbox 416 4112 555 4209; x_wconf 79' lang='lat' dir='ltr'>ingenii</span> <span class='ocrx_word' id='word_1_243' title='bbox 578 4123 645 4187; x_wconf 82' lang='lat' dir='ltr'>est</span> <span class='ocrx_word' id='word_1_244' title='bbox 697 4113 782 4188; x_wconf 91' lang='lat' dir='ltr'>Non</span> <span class='ocrx_word' id='word_1_245' title='bbox 801 4113 936 4188; x_wconf 88' lang='lat' dir='ltr'>sufficit</span> <span class='ocrx_word' id='word_1_246' title='bbox 952 4113 1066 4212; x_wconf 83' lang='lat' dir='ltr'>igitur</span> <span class='ocrx_word' id='word_1_247' title='bbox 1082 4114 1131 4189; x_wconf 86' lang='lat' dir='ltr'>ad</span> 
     </span>
     <span class='ocr_line' id='line_1_35' title="bbox 79 4225 1130 4327; baseline 0.002 -25"><span class='ocrx_word' id='word_1_248' title='bbox 79 4225 427 4324; x_wconf 82' lang='lat' dir='ltr'>interpretationem</span> <span class='ocrx_word' id='word_1_249' title='bbox 463 4227 749 4324; x_wconf 83' lang='lat' dir='ltr'>Scriptururum,</span> <span class='ocrx_word' id='word_1_250' title='bbox 776 4241 819 4304; x_wconf 92' lang='lat' dir='ltr'>ut</span> <span class='ocrx_word' id='word_1_251' title='bbox 850 4230 931 4327; x_wconf 91' lang='lat' dir='ltr'>quis</span> <span class='ocrx_word' id='word_1_252' title='bbox 964 4230 1130 4327; x_wconf 79' lang='lat' dir='ltr'>linguam</span> 
     </span>
    </p>
   </div>
   <div class='ocr_carea' id='block_1_4' title="bbox 0 0 1456 4912">
    <p class='ocr_par' dir='ltr' id='par_1_10' title="bbox 0 0 1456 4912">
     <span class='ocr_line' id='line_1_36' title="bbox 0 0 1456 4912; baseline 0 7"><span class='ocrx_word' id='word_1_253' title='bbox 0 0 1456 4912; x_wconf 95' lang='lat' dir='ltr'> </span> 
     </span>
    </p>
   </div>
  </div>
 </body>
</html>
