2904 4912
293 289 365 354 418
718 303 904 354 summo.

6 563 7 566 Ἴ
97 504 193 554 sper,
209 504 260 553 nr.
292 493 387 560 rum,
405 468 450 542 id
470 469 573 566 qnod
592 469 776 557 ereditur,
798 494 942 566 semper
960 469 1183 567 propositio
1211 480 1281 555 est,
1304 470 1343 542 id
1444 463 1445 466 '

6 675 7 684 ἵ
106 581 250 684 »IL
294 595 360 674 est,
379 583 496 656 oratio
522 584 707 656 affirmans
724 583 783 655 vel
808 606 959 680 negans
979 607 1091 678 quam
1111 605 1239 655 veram
1266 607 1342 656 esse

80 717 280 792 Quirstfidpsst
294 696 540 770 concedimus.
594 696 667 768 Sed
698 696 872 791 quoniam
895 696 1150 770 conceduntur
1172 697 1341 792 proposi-

79 782 280 902 {diffidi
293 809 411 883 tiones
436 819 589 904 propter
615 808 777 881 diversas
805 833 943 898 causas,
968 809 1105 882 accidit
1130 809 1342 905 hujusmodi

80 913 147 1020 3⁰¹2}
157 910 281 1034 {gfflff’
295 922 549 996 concessiones
564 920 706 994 diverse
717 922 911 995 nominari.
955 923 1203 996 Concedimus
1217 935 1342 996 autem

295 1035 514 1133 quandoque
540 1033 823 1131 propositiones,
847 1058 935 1129 quas
959 1045 1085 1107 tamen
1111 1035 1151 1107 in
1179 1036 1342 1108 animum
1412 1125 1416 1134 .

293 1173 369 1222 non
403 1146 610 1243 recipimus,
663 1146 779 1242 quue
806 1146 865 1219 vel
894 1147 943 1218 ad
970 1157 1127 1242 tempus
1155 1149 1341 1238 nimirum,

292 1263 472 1357 tantisper
485 1260 604 1335 donec
615 1284 660 1332 ex
674 1259 917 1333 consideratis
930 1262 1205 1356 consequentiis
1217 1286 1343 1334 earum

293 1376 487 1449 veritatem
521 1375 860 1465 examinaverimus,
892 1373 993 1470 quod
1018 1383 1173 1448 vocatur
1203 1400 1343 1473 suppo-

295 1513 413 1572 nere;
437 1487 496 1561 vel
522 1487 635 1560 etiam
660 1487 887 1583 simpliciter,
905 1498 949 1560 ut
966 1499 1070 1560 metu
1087 1488 1225 1584 legum,
1245 1487 1345 1584 quod

294 1613 352 1676 est
369 1601 551 1699 profiteri
567 1601 626 1674 vel
650 1600 823 1695 confiteri
846 1601 961 1696 signis
985 1601 1176 1685 extemis;
1202 1603 1262 1676 vel
1279 1603 1344 1674 ob-

205 1749 207 1755 ·
295 1715 412 1811 sequii
429 1714 621 1810 spontanei
637 1735 760 1802 eausa,
773 1713 873 1809 quod
884 1713 1027 1787 faciunt
1038 1714 1207 1789 homines
1221 1716 1345 1789 animo

296 1828 394 1901 civili
410 1850 499 1923 erga
515 1851 589 1915 eos
604 1850 697 1921 quos
715 1837 942 1917 reverentur,
956 1837 995 1900 et
1007 1851 1097 1922 erga
1110 1829 1203 1902 alios
1222 1829 1345 1901 studio

294 1939 407 2036 pacis,
425 1941 464 2012 id
482 1939 582 2035 quod
598 1938 812 2034 simpliciter
830 1939 1035 2012 concedere
1053 1953 1120 2014 est.
1174 1942 1347 2038 Proposi-

294 2055 413 2128 tiones
427 2065 563 2141 autem,
577 2077 668 2150 quas
686 2076 754 2148 pro
766 2053 864 2126 veris
881 2053 1091 2150 recipimus,
1107 2055 1346 2129 concedimus

295 2191 438 2263 semper
455 2177 606 2264 propter
623 2167 763 2262 aliquas
784 2167 948 2240 rationes
966 2177 1122 2241 nostras.
1174 2169 1241 2242 Eae
1258 2193 1346 2243 vero

295 2280 509 2354 derivantur
525 2281 584 2353 vel
602 2281 647 2354 ab
665 2280 746 2376 ipsa
769 2280 1046 2378 propositione,
1065 2282 1124 2355 vel
1140 2307 1164 2354 a
1173 2307 1348 2380 persono

288 2393 555 2491 proponentis.
608 2393 834 2480 Derivantur
849 2403 980 2466 autem
997 2395 1044 2466 ab
1063 2394 1150 2491 ipso
1162 2395 1349 2492 proposi-

297 2507 410 2596 tione,
422 2505 629 2580 revoeando
646 2506 685 2578 in
702 2505 920 2579 memoriam
933 2506 1066 2601 quibus
1083 2507 1195 2580 rebus
1209 2508 1350 2603 signifi-

297 2620 424 2694 candis
462 2620 625 2709 nomina,
661 2643 706 2692 ex
741 2619 872 2715 quibus
909 2620 1114 2715 propositio
1150 2621 1348 2709 conflatur,

297 2734 483 2807 communi
501 2757 681 2807 consensu
698 2743 945 2828 usurpantur;
973 2734 1072 2828 quod
1087 2733 1117 2806 si
1131 2735 1212 2821 fiat,
1227 2757 1351 2808 assen-

296 2871 369 2937 sus,
389 2870 498 2942 quem
515 2846 731 2942 praebemus,
752 2845 887 2919 dicitur
904 2845 1017 2918 scire.
1062 2847 1101 2918 Si
1117 2870 1207 2920 vero
1224 2872 1349 2922 recor-

297 2961 377 3034 dari
388 2985 463 3033 non
475 2959 670 3056 possimus,
685 2959 774 3054 quid
792 2969 893 3032 certo
909 2983 976 3055 per
990 2983 1034 3032 ea
1047 2960 1201 3032 nomina
1213 2961 1349 3034 intelli-

296 3074 459 3169 gendum
476 3073 534 3162 sit,
549 3072 616 3145 sed
632 3071 744 3146 modo
762 3073 834 3146 hoc
851 3071 1009 3161 videtur,
1025 3072 1135 3147 modo
1148 3073 1255 3164 illud,
1270 3086 1347 3146 tum

297 3187 454 3260 dicimur
481 3186 647 3284 opinari.
698 3185 867 3281 Exempli
895 3210 1026 3259 causa:
1058 3186 1088 3258 si
1115 3188 1346 3282 propositum

297 3300 356 3388 sit,
376 3299 449 3372 dno
467 3310 505 3372 et
523 3300 602 3373 trio
623 3325 706 3372 esse
723 3299 913 3397 qninqne;
939 3299 1148 3373 revocando
1166 3311 1293 3374 autem
1309 3301 1345 3373 in

296 3413 512 3486 memoriam
529 3413 697 3486 ordinem
713 3413 905 3486 nominum
921 3413 1179 3503 numeralium,
1195 3413 1252 3486 ita
1263 3437 1347 3486 con·

298 3551 410 3600 sensu
436 3526 622 3602 communi
648 3551 787 3617 eorum,
806 3527 870 3623 qui
895 3527 1060 3623 ejusdem
1088 3537 1174 3600 sunt
1200 3528 1347 3623 lingua,

301 3640 422 3738 (quasi
438 3652 548 3736 pacto
567 3641 728 3737 quodam
746 3640 916 3713 societati
939 3639 1110 3713 humanae
1122 3641 1344 3732 necessario)

297 3755 540 3828 constitutum
571 3777 661 3841 esse,
689 3764 733 3826 ut
760 3754 948 3849 quinarius
979 3754 1134 3828 totidem
1162 3754 1348 3826 unitatum

296 3892 432 3941 nomen
450 3868 510 3957 sit,
530 3867 630 3963 quod
646 3867 685 3940 in
702 3868 846 3941 binario
868 3879 905 3941 et
931 3869 1092 3941 ternario
1111 3868 1348 3942 continentur

297 3981 405 4055 simul
417 3981 587 4077 sumptis;
607 4005 650 4053 ae
661 3981 881 4056 assentiatur
893 3981 973 4076 quis
985 3981 1345 4072 vemmididaoesse,

299 4096 385 4191 quia
411 4096 484 4169 duo
511 4105 549 4168 et
574 4095 647 4167 tria
671 4095 780 4168 simul
796 4095 901 4168 idem
930 4107 1016 4169 sunt
1043 4096 1143 4192 quod
1164 4097 1347 4192 quinqne;

300 4208 443 4281 dicetur
468 4229 637 4282 assensus
663 4207 733 4282 ille.
750 4209 925 4282 scientio.
977 4209 1026 4283 Et
1042 4210 1136 4284 scire
1152 4210 1347 4291 veritatem
