2904 4916
335 299 390 354 nr.
410 300 591 358 osricus
611 303 926 360 rurananrruu.
1078 289 1151 362 309

97 473 254 549 bertatis
276 497 322 549 ex
347 475 447 551 bono
465 477 600 553 civium
625 488 663 553 et
688 479 847 555 civitatis
874 477 1054 578 capienda
1083 489 1150 555 est.
1181 507 1277 562 sacr.
1293 509 1345 564 111.

97 589 239 679 Quare,
276 601 406 664 contra
439 593 599 666 officium
633 615 771 681 eorum,
806 592 869 691 qui
901 595 1085 691 imperant
1112 605 1152 668 et
1191 587 1361 700 ,ᾆξ’

97 703 224 800 legum
241 703 479 779 ferendarum
500 707 760 780 auctoritatem
781 707 931 795 habent,
955 706 994 780 in
1021 707 1150 804 primis

99 826 168 906 est,
186 827 231 888 ut
248 817 372 913 plures
389 818 488 915 leges
506 819 582 893 sint
599 844 710 917 quam
727 819 774 894 ad
790 821 931 896 bonum
949 820 1085 895 civium
1108 833 1148 896 ct

98 930 259 1003 civitatis
284 933 493 1006 necessario
527 933 721 1008 conducat.
774 933 872 1008 Nam
902 958 987 1009 cum
1015 934 1061 1008 de
1091 959 1148 1028 co,

99 1042 200 1139 quod
216 1043 340 1118 facere
356 1045 416 1119 vel
428 1070 507 1121 non
527 1048 649 1121 facere
664 1047 814 1139 debent,
828 1049 961 1146 saepius
977 1073 1044 1146 per
1059 1051 1150 1124 rati-

97 1183 207 1230 onem
216 1159 425 1233 naturalem
439 1186 551 1257 quam
560 1185 627 1259 per
638 1162 831 1236 scientiam
844 1164 968 1260 legum
979 1163 1148 1238 homines

97 1272 302 1345 deliberare
319 1273 482 1361 soleaut;
508 1276 573 1349 ubi
596 1276 696 1372 leges
723 1275 847 1373 plures
865 1285 950 1350 sunt
967 1299 1079 1373 quam
1105 1287 1149 1350 ut

96 1410 225 1458 earum
243 1385 351 1460 facile
375 1389 586 1463 meminisse
612 1389 806 1486 possimus
824 1400 862 1463 et
887 1413 954 1485 per
978 1412 1040 1462 cas
1061 1413 1147 1486 pro-

94 1499 272 1573 hibentur
285 1524 340 1592 ea,
356 1525 438 1600 quae
450 1503 546 1577 ratio
557 1527 624 1600 per
636 1525 676 1576 se
688 1526 763 1576 non
776 1502 970 1600 prohibct;
996 1525 1146 1577 necesse

96 1625 153 1687 est
168 1626 214 1686 ut
230 1637 298 1710 per
314 1615 575 1711 ignorantiam,
592 1615 670 1690 sine
699 1615 776 1688 ulla
791 1639 907 1713 prava
924 1615 1142 1708 intentione,

94 1726 263 1800 incidant
279 1737 404 1801 tamen
416 1728 457 1802 in
472 1730 584 1826 leges,
598 1739 775 1824 tauquam
786 1728 827 1801 in
836 1729 998 1826 laqueos,
1017 1739 1147 1803 contra

94 1841 306 1914 libertatem
323 1843 522 1934 innoxiam,
540 1869 651 1941 quam
667 1843 890 1940 imperantes
903 1843 1043 1918 civibus
1056 1867 1144 1920 cou-

96 1977 243 2028 servare
261 1956 342 2052 lege
359 1957 519 2031 naturali
536 1958 759 2054 obligantur.

148 2075 208 2141 16.
234 2067 449 2143 Libertatis
466 2071 607 2145 civitati
630 2071 802 2162 innoxia,
825 2081 864 2145 et
881 2070 1033 2168 singulis
1056 2071 1346 2164 civi-ymnum*

93 2184 164 2256 bus
193 2181 243 2255 ad
271 2181 379 2257 beate
410 2183 610 2258 vivendum
642 2184 859 2260 necessariae
890 2207 976 2281 pars
1009 2155 1350 2285 magnaffiffi

93 2295 209 2370 etiam
226 2305 294 2387 est,
311 2309 354 2371 ut
376 2321 496 2395 poenae
525 2298 637 2373 nullae
660 2298 836 2374 timendae
861 2299 949 2388 sint,
965 2300 1037 2374 nisi
1054 2326 1144 2398 quas
1156 2283 1327 2394 233³&

92 2409 296 2507 praevidere
308 2421 374 2485 aut
386 2421 600 2509 exspectare
612 2413 766 2509 possint.
802 2413 1145 2490 Praestaturautem

91 2526 177 2616 hoc,
193 2527 260 2600 ubi
276 2526 334 2601 vel
350 2527 462 2601 nullae
478 2527 629 2602 omnino
654 2551 776 2623 poenae
802 2525 946 2623 legibus
964 2526 1140 2603 definiun-

93 2649 166 2730 tur,
183 2639 244 2714 vel
260 2642 418 2737 maJ'ores
435 2639 596 2714 definitis
613 2664 689 2714 non
706 2641 916 2737 exigtmtiu.
945 2641 1020 2715 Ubi
1031 2642 1143 2718 nullae

93 2753 332 2841 definiunon,
358 2754 411 2827 ibi
433 2754 476 2846 ia,
495 2754 559 2850 qui
585 2753 725 2852 primns
750 2755 872 2851 legem
893 2763 1144 2852 transgressus

93 2878 160 2957 est,
184 2891 334 2964 poenam
352 2878 542 2965 exspectat
558 2866 788 2942 indefinitam
804 2865 880 2940 sive
897 2867 1143 2968 arbitrariam,

92 2981 385 3079 supponiturque
410 2992 531 3056 metus
552 2982 631 3078 ejus
656 2982 833 3074 infinitus,
851 2980 938 3078 quia
955 2982 1044 3058 mali
1061 2983 1144 3057 infi-

91 3096 172 3169 niti.
225 3094 397 3192 Praecipit
422 3106 546 3169 autem
569 3095 629 3168 lex
656 3105 799 3170 naturae
824 3094 882 3183 iis,
910 3097 974 3195 qui
999 3097 1143 3194 legibus

91 3209 259 3284 civilibus
292 3233 369 3283 non
404 3208 661 3305 subjiciuntur,
691 3231 759 3306 per
793 3232 838 3282 ea
872 3233 954 3305 quae
984 3207 1142 3286 diximus

90 3325 210 3422 capite
238 3323 350 3397 tertio
378 3323 534 3398 articulo
561 3321 771 3413 undecimo,
808 3321 966 3420 ideoque
990 3325 1141 3400 summis

89 3437 366 3536 imperantibus,
383 3438 423 3511 in
439 3437 580 3511 ultione
610 3447 648 3511 et
672 3436 792 3535 poenis
819 3437 1019 3528 sumendis,
1037 3463 1140 3536 spec-

88 3553 246 3626 tandum
273 3575 448 3626 essenon
470 3553 609 3626 malum
636 3551 876 3648 praeteritum,
907 3551 973 3626 sed
1000 3554 1138 3627 bonum

86 3667 277 3740 flaturum:
295 3675 523 3763 peccantque
535 3689 726 3763 poenarum
737 3666 1016 3740 arbitrariamm
1028 3666 1137 3740 aliam

86 3803 299 3854 mensuram
331 3779 523 3872 habentes,
559 3804 670 3876 quam
701 3779 901 3855 utilitatem
938 3779 1134 3877 publicam.

86 3894 161 3967 Ubi
188 3917 277 3967 vero
297 3918 409 3990 poena
428 3893 582 3966 definita
607 3903 676 3985 est,
700 3893 776 3967 sive
797 3894 880 3990 lege
906 3894 1133 3991 praesoripta,

83 4019 127 4080 ut
145 4007 295 4104 quando
312 4007 433 4081 verbis
448 4007 594 4082 disertis
610 4006 773 4105 ponitur,
792 4007 857 4107 qui
874 4006 1059 4106 sicfacit,
1076 4009 1133 4082 cic

76 4121 282 4216 palicium
308 4120 384 4194 sive
409 4120 527 4217 praxi,
557 4131 600 4194 ut
629 4118 776 4216 quando
804 4143 925 4218 poena,
951 4119 1033 4218 lege
1055 4145 1132 4194 non
1264 4185 1268 4190 .
