2904 4916
156 279 428 334 compensum
445 281 835 338 8Ρ1101111111ΜΤ11111Μ
856 287 1075 342 crvrrurrs.
1104 273 1176 350 275

128 457 299 524 statuunt
331 448 429 522 inter
460 471 499 522 se
529 447 578 522 ad
611 450 821 546 proximum
856 467 1080 530 conventum
1106 456 1178 532 fre-
1207 493 1372 546 sscr,111,

128 571 284 659 quentes
302 570 340 635 et
367 560 478 658 primi
494 560 647 648 odesse;
675 563 877 662 disponunt
904 567 995 664 quid
1023 569 1176 668 quisque
1217 571 1360 677 ἐξ,

127 687 165 749 et
182 699 256 772 quo
271 673 400 748 ordine
418 673 539 748 dicere
554 674 697 766 debeat,
715 689 757 751 ut
784 702 842 752 res
869 679 990 754 denuo
1004 683 1176 779 agitetur,

127 801 164 864 et
182 789 287 888 quod
302 790 556 886 frequentibus
573 789 791 866 adversariis
814 805 948 884 ratum,
967 795 1006 868 id
1032 796 1175 884 iisdem,

126 904 253 1002 nliqna
277 927 323 976 ex
347 919 453 1000 parte
479 926 547 999 per
572 904 837 1001 negligentiam
860 907 1085 1000 absentibus,
1111 912 1177 986 liat

125 1017 285 1092 irritum.
337 1017 460 1112 Atque
477 1017 688 1112 hujusmodi
703 1018 887 1094 industria
900 1020 1175 1121 diligentiaque,

125 1155 200 1227 qua
215 1140 376 1204 utuntur
393 1128 441 1202 ad
451 1129 680 1226 faciendam
697 1133 887 1230 populum,
899 1134 1035 1230 factio
1050 1138 1175 1235 appel-

124 1245 194 1318 lari
208 1244 316 1318 solet.
369 1238 528 1318 Quando
547 1243 821 1338 autemfactio,
840 1247 1023 1344 suffragiis
1042 1249 1175 1338 minor,

123 1358 266 1432 viribus
289 1357 409 1455 major
428 1354 488 1430 vel
510 1380 586 1430 non
608 1358 725 1433 multo
746 1358 868 1432 minor
886 1374 952 1450 est,
970 1371 1060 1436 tunc
1077 1364 1176 1458 quod

124 1471 339 1568 eloquentia
354 1483 393 1544 et
419 1483 499 1548 arte
523 1471 688 1545 obtinere
713 1496 790 1546 non
812 1485 978 1571 potuere,
996 1474 1036 1548 id
1064 1477 1175 1552 armis

123 1595 286 1672 tentant,
306 1596 345 1658 et
360 1585 497 1660 bellum
523 1584 687 1658 nascitur
704 1585 823 1660 civile.
876 1586 950 1661 Sed
966 1588 1057 1676 haec,
1075 1588 1175 1663 dicet

122 1697 270 1793 aliquis,
287 1721 365 1770 non
387 1699 606 1787 necessario,
629 1723 698 1771 nec
716 1721 812 1796 saepe
834 1701 1017 1774 accidunt.
1071 1701 1173 1777 Idem

123 1812 248 1886 dicere
269 1821 405 1908 posset,
424 1823 590 1887 oratores
608 1835 683 1885 non
700 1835 780 1886 esse
797 1813 1003 1887 necessario
1021 1815 1173 1911 cupidos

121 1923 265 2022 gloriae,
292 1934 331 1997 et
356 1950 433 1999 non
460 1949 556 2022 saepe
574 1925 613 1999 in
634 1926 777 2022 magnis
794 1926 903 2001 rebus
922 1951 1074 2026 magnos
1091 1955 1173 2004 ora-

121 2051 224 2112 tores
242 2037 450 2112 dissentire.

176 2159 235 2224 13.
265 2150 439 2246 Sequitur
465 2174 510 2224 ex
536 2149 606 2240 his,
624 2149 688 2224 ubi
712 2149 836 2247 legum
853 2151 1089 2228 ferendarum
1105 2179 1172 2252 po·
1184 2177 1291 2288 propert
1292 2187 1349 2224 „a

118 2273 238 2338 testas
266 2287 409 2336 summa
435 2263 482 2337 ad
513 2273 716 2336 conventus
746 2264 839 2338 tales
866 2264 1043 2358 defertur,
1071 2268 1171 2366 leges
1184 2243 1383 2304 mmm

117 2376 313 2450 instabiles
330 2399 421 2466 esse,
439 2375 659 2471 mutarique,
676 2399 752 2450 non
774 2376 822 2449 ad
838 2379 1080 2454 mutationem
1098 2395 1172 2456 sta-

117 2499 180 2562 tus
210 2512 335 2563 rerum
360 2513 481 2588 neque
509 2488 557 2563 ad
583 2490 828 2564 mutationem
854 2492 1074 2583 animorum,
1105 2497 1171 2570 sed

114 2614 234 2698 prout
246 2603 364 2698 major
373 2625 547 2676 numerus
557 2602 748 2676 hominum
758 2627 858 2678 nunc
869 2629 914 2678 ex
925 2605 1114 2695 hac,nunc
1124 2633 1170 2682 ex

115 2715 369 2810 illafactioae
380 2715 600 2790 confluxerit
617 2715 665 2788 ad
676 2715 840 2800 cariam;
857 2719 912 2791 ita
929 2728 971 2791 ut
988 2718 1087 2814 leges
1104 2720 1168 2810 ibi,

114 2840 297 2924 tanquam
321 2852 430 2924 super
452 2828 582 2916 undas,
610 2827 683 2900 huc
711 2827 797 2901 illuc
814 2829 1007 2904 fluctuent.

172 2950 231 3016 14
260 2940 344 3014 Ηοο
361 2941 474 3014 etiam
491 2949 624 3036 quarto
647 2939 730 3014 loco
757 2941 1101 3018 deliberationesm
1065 2969 1167 3043 mag·
1182 2962 1273 3022 Prome

113 3079 253 3130 norum
277 3067 440 3128 coetuum
470 3053 695 3128 incommodi
721 3055 872 3146 habent,
892 3056 991 3152 qnod
1009 3029 1343 3140 111111111111111111..

114 3168 287 3257 concilia,
306 3191 389 3266 quae
405 3167 519 3242 tacita
536 3191 615 3242 esse
632 3168 831 3264 saepissime
848 3171 1040 3268 permagni
1057 3172 1168 3248 inter-

113 3295 186 3372 est,
200 3294 288 3357 ante
302 3282 372 3356 ad
363 3283 531 3356 mimicos
545 3282 791 3379 proferantur,
806 3307 916 3379 quam
930 3285 1072 3382 possint
1084 3309 1166 3383 per-

112 3396 201 3470 duci
219 3396 269 3469 ad
285 3397 480 3480 effectum;
513 3407 551 3470 et
575 3395 665 3492 quid
684 3396 812 3494 possit,
830 3396 919 3494 quid
942 3422 1019 3471 non
1036 3400 1163 3495 possit,

111 3509 206 3637 quid
222 3510 323 3599 velit,
344 3506 448 3637 quid
450 3508 554 3596 nolit,
574 3510 807 3606 exploratum
834 3512 994 3585 externis
1012 3512 1071 3600 sit,
1089 3536 1163 3585 non

109 3622 236 3696 minus
254 3646 365 3718 quom
382 3621 451 3718 ipsi
470 3621 674 3721 imperanti
684 3624 843 3723 populo.

173 3745 231 3810 15.
269 3735 508 3810 Incommode
540 3735 633 3826 haec,
660 3761 743 3834 quae
773 3738 812 3811 in
838 3737 1293 3813 deliberationibusameom

109 3872 332 3946 magnorum
344 3858 592 3923 conventuum
602 3850 847 3945 reperiuntur
854 3861 1005 3926 eatenus
1016 3874 1163 3922 moaar
1176 3753 1378 3992 1ῗ11ἐ11111

109 3963 236 4036 chiam
249 3961 484 4034 democratia
496 3961 685 4036 meliorem
699 3987 778 4036 esse
789 3965 963 4038 evmcnnt
965 3945 1235 4058 ,l'quatenusffl
1176 4010 1226 4054 1,,
1237 3961 1301 4056 11,
1252 3953 1379 4056 ⁹⁸”,⁸,¹„„

108 4077 149 4148 in
164 4073 402 4150 democratia
419 4095 477 4146 res
491 4076 641 4149 maximi
655 4077 831 4149 momenti
849 4077 983 4150 talibus
1003 4089 1203 4198 conven-gss
1176 4077 1261 4152 ⁰¹⁵th
1262 4077 1372 4121 ⁸⁸⁰¹²⁰²¹¹
1347 4089 1379 4121 ²¹¹·

106 4190 208 4264 tibus
241 4186 483 4262 discutiendae
511 4188 643 4285 saepius
672 4190 967 4281 committuntur,
993 4212 1104 4284 quam
1125 4155 1202 4265 inge
1203 4155 1241 4186 'm'

982 4320 1039 4376 Τ2
