2904 4916
307 289 382 358 306
560 386 563 408 Ι
719 301 950 360 ῙΜΡΙΜῘῙΜ.

111 499 276 558 suanm.
306 469 469 560 sessoris,
485 469 540 546 ite
561 465 634 546 hoo
656 470 889 570 imperatoris
912 473 992 569 jem
1012 493 1109 568 pane
1125 469 1273 550 exousel
1290 483 1355 549 eet.

121 580 274 692 ᾧ.
306 583 510 684 Loquimur
537 595 663 661 eutem
688 585 750 662 hio
777 585 824 662 de
850 585 897 662 iis
922 609 1082 685 quorum
1097 586 1306 663 authoritas
1322 597 1357 662 et

306 700 473 802 potentia
488 699 634 798 integra
650 711 719 778 est.
746 702 892 778 Horum
905 700 1068 778 offieinm
1084 723 1176 793 esse,
1193 699 1356 800 inquam,

307 811 521 890 obedientes
538 813 637 894 cives
653 815 790 910 fovere,
806 815 979 892 fwtiosos
996 825 1177 914 quantum
1201 827 1359 914 possunt

308 927 462 1026 imperio
486 949 676 1025 premere3
701 951 824 1027 neque
840 928 1029 1029 euimalio
1051 926 1164 1006 modo
1190 928 1360 1027 potentia

307 1041 467 1140 publiea,
484 1064 554 1117 neo
571 1043 651 1120 sine
667 1065 714 1120 ea
725 1043 862 1120 civium
874 1043 979 1142 quies
995 1041 1208 1119 conservari
1223 1051 1359 1140 potest.

363 1165 421 1232 la.
448 1153 489 1230 Si
515 1180 605 1234 vero
633 1157 810 1235 faotiosos
838 1157 1006 1234 homines
1033 1179 1219 1247 coercere,
1241 1156 1359 1232 multo

177 1247 234 1280 '⁰¹⁰'
309 1268 427 1366 magle
453 1267 635 1350 feotloues
662 1271 761 1369 ipsas
795 1267 997 1346 dissolvere
1026 1280 1065 1346 et
1098 1269 1281 1367 dissipare
1314 1269 1360 1344 ad

309 1383 470 1459 officium
485 1381 647 1482 pertinet
663 1384 936 1484 imperantium.
968 1385 1218 1460 Feousouusr
1237 1395 1359 1460 autem

309 1523 402 1576 vooo
418 1495 695 1576 multitudinem
719 1499 857 1576 olvium
885 1499 946 1576 vel
966 1495 1101 1600 paotle
1115 1498 1216 1574 iuter
1234 1520 1287 1588 se,
1303 1496 1359 1571 vel

309 1609 420 1687 unius
442 1612 596 1710 alicujus
608 1614 789 1713 potentio,
806 1614 945 1711 absque
962 1615 1042 1712 ejus
1059 1613 1119 1690 vel
1135 1635 1281 1704 eornm,
1300 1611 1360 1710 qui

310 1749 494 1802 summum
521 1726 719 1826 imperium
748 1728 931 1819 obtinent,
957 1727 1182 1804 authoritate
1205 1727 1359 1802 unitam.

309 1839 378 1916 Est
393 1839 657 1940 ltaquofootio
672 1851 852 1940 tunquam
864 1842 995 1920 civitae
1011 1839 1051 1916 in
1068 1839 1233 1918 civitate.
1261 1839 1361 1914 Siout

309 1953 410 2030 euim
425 1954 561 2029 unione
587 1955 780 2031 hominum
795 1955 836 2030 in
852 1965 953 2031 statu
978 1951 1140 2034 naturali
1160 1953 1206 2029 fit
1222 1953 1360 2042 civitas,

309 2067 364 2144 ita
375 2066 512 2143 civium
526 2067 666 2144 unione
682 2093 781 2147 nova
801 2070 848 2144 fit
862 2068 989 2144 teatio.
1041 2067 1258 2144 Secundum
1269 2067 1361 2142 hauo

309 2180 575 2274 definitionem,
602 2182 802 2258 multitudo
832 2182 981 2273 muium,
1009 2182 1073 2279 qui
1101 2192 1261 2258 externo
1288 2181 1361 2256 oui-

310 2315 456 2392 oonque
471 2294 550 2370 sive
565 2293 726 2394 principi
738 2295 816 2372 slve
826 2295 899 2371 oiri
916 2294 1134 2394 simpliciter
1150 2295 1361 2370 obedituros

310 2430 350 2484 se
367 2408 659 2502 obstrinxerunt,
676 2411 736 2486 vel
763 2411 827 2508 qui
843 2420 956 2509 paeto
971 2420 1038 2486 aut
1053 2407 1178 2484 ioedus
1204 2409 1306 2484 iuter
1328 2429 1364 2480 se

309 2532 449 2600 mntuae
466 2522 691 2599 defensionis
707 2533 840 2600 oontre
855 2547 984 2598 omnes
1000 2522 1170 2599 homines
1182 2520 1364 2612 ieoeruut,

311 2661 388 2714 non
404 2638 569 2736 exeeptis
586 2638 631 2712 iis
649 2638 714 2736 qui
730 2659 913 2713 summam
928 2645 1152 2738 potestatem
1168 2635 1313 2712 hubent
1328 2635 1363 2709 iu

309 2752 472 2844 civitate,
486 2749 623 2850 factio
639 2763 709 2827 est.
759 2750 882 2827 Etiam
899 2751 1022 2850 gretie
1044 2748 1146 2850 apud
1168 2750 1319 2848 plebem
1335 2750 1364 2823 si

308 2875 417 2942 tauta
442 2866 503 2957 sit,
520 2876 564 2939 ut
588 2889 656 2964 per
680 2889 764 2941 eom
792 2868 1000 2964 comparari
1026 2865 1211 2941 exereitus
1237 2865 1364 2964 posuit,

308 2979 382 3053 nisi
407 2977 596 3054 obsidibus
626 2990 693 3054 aut
718 2979 791 3055 alio
816 2979 974 3078 pignore
997 2979 1147 3077 publioe
1177 2991 1363 3068 caveatur,

295 3089 515 3187 factionem
531 3091 711 3169 eontinet.
762 3093 894 3190 Atque
904 3091 1005 3167 idem
1022 3091 1069 3168 de
1086 3089 1227 3166 divitiis
1242 3093 1365 3190 priva

312 3205 361 3278 tis
378 3204 577 3279 dicendum
594 3215 663 3298 eet,
676 3206 709 3280 si
733 3206 810 3280 siut
835 3205 1068 3292 immodioae;
1093 3203 1184 3302 quia
1197 3205 1366 3302 pecunia

313 3316 492 3393 obediunt
513 3315 649 3394 omnia.
700 3317 892 3416 Siquidem
917 3341 1008 3417 ergo
1031 3341 1163 3394 verum
1191 3318 1253 3411 sit,
1278 3319 1367 3393 oiri·

312 3441 433 3506 tatum
458 3431 556 3506 inter
572 3455 613 3506 se
635 3441 773 3508 statum
795 3433 1002 3512 naturalem
1020 3443 1059 3508 et
1081 3431 1259 3508 hostilem
1275 3453 1366 3522 esse,

160 3633 163 3642 ¹
311 3545 509 3644 principes,
539 3545 605 3644 qui
629 3545 830 3622 santionem
851 3545 1084 3644 permitomt,
1100 3545 1204 3621 idem
1224 3545 1367 3622 fuciunt

311 3683 357 3736 eo
382 3659 415 3736 si
444 3659 590 3734 hostem
619 3658 719 3736 intre
746 3659 887 3736 moenia
913 3660 1144 3758 reciperent:
1179 3657 1284 3757 quod
1313 3671 1368 3736 eet

312 3784 444 3850 eontra
469 3773 606 3850 civim
631 3775 800 3867 salutem,
817 3785 857 3850 et
879 3785 1078 3874 propterea
1103 3773 1219 3850 etiam
1235 3785 1369 3850 eontra

310 3887 411 3986 leges
426 3887 626 3964 naturales.

98 4009 184 4058 *¹¹0⁰
185 4010 284 4070 apsa»,
366 4011 423 4078 14.
449 3999 510 4078 Ad
530 4003 862 4100 locupletandos
829 4027 929 4080 orves
949 4004 1157 4080 necessaria
1171 4002 1248 4080 dno
1269 4013 1368 4092 snut,

99 4077 298 4204 agenni
312 4113 423 4192 labor
455 4125 495 4192 et
528 4117 796 4218 parsimonia·
840 4117 1017 4195 oonduoit
1050 4117 1164 4198 etiam
1198 4120 1365 4210 tertium,
