2918 4912
386 277 439 329 ou
459 276 605 330 clusis
627 275 846 328 orvrraurs.
1065 261 1133 327 211

96 442 142 516 ad
157 441 458 538 aggrediendum.
510 441 770 517 Necessarium
788 442 915 538 itaque
945 451 1002 514 est
1024 441 1073 514 ad
1086 463 1140 514 se·
1168 475 1265 526 sm,
1278 476 1329 526 ru.
1443 467 1444 482 ¹

79 556 301 646 'curitatem,
320 580 430 653 quam
448 556 657 653 quaerimus,
684 554 933 644 obtinendam,
950 566 994 627 ut
1010 578 1139 627 nume·
1178 553 1322 655 ,ξύ

95 692 153 742 rus
166 692 308 759 eorum,
320 670 384 767 qui
400 669 440 743 in
456 681 623 744 mutuam
640 693 748 766 opem
765 669 991 766 conspirant,
1009 681 1137 742 tantus

95 783 151 873 sit,
169 795 214 856 ut
230 808 433 880 paucorum
449 785 641 859 hominum
668 781 716 858 ad
739 784 864 857 hostes
885 783 1045 857 accessio
1062 805 1138 856 non

94 898 139 970 sit
154 898 244 994 ipsis
258 898 445 994 conspicui
458 899 637 972 momenti
653 896 702 971 od
714 897 918 972 victoriam.

140 1020 176 1084 4.
205 1009 362 1100 Deinde,
393 1024 698 1108 quantuscunque
726 1011 775 1084 sit
808 1033 983 1083 numerus
1009 1033 1137 1083 eorum
1151 1035 1297 1082 omarum

93 1125 154 1219 qui
176 1125 283 1198 adse
301 1124 573 1198 defendendum
598 1136 744 1212 coeunt,
762 1123 793 1197 si
814 1136 938 1198 tamen
956 1147 1033 1197 non
1049 1147 1137 1197 con·
1149 1101 1325 1212 ssfflffl

92 1237 256 1310 sentiant
272 1237 370 1310 inter
390 1261 428 1310 se
446 1237 492 1310 de
510 1237 650 1334 optima
673 1237 816 1310 ratione
834 1261 907 1332 quo
922 1236 963 1309 id
978 1237 1060 1310 fieri
1073 1236 1137 1311 de-
1148 1233 1339 1342 ffigffi

91 1351 188 1440 beat,
204 1350 271 1424 sed
287 1351 536 1446 unusquisque
550 1375 616 1424 suo
627 1350 738 1424 modo
756 1349 830 1422 suis
841 1349 981 1422 viribus
999 1361 1136 1441 utatur,

91 1464 183 1536 nihil
202 1463 401 1547 efficietur;
426 1475 623 1561 propterea
638 1463 739 1560 quod
755 1461 922 1537 distracti
939 1463 1135 1538 sententiis

91 1576 357 1674 impedimento
374 1577 531 1650 invicem
548 1590 681 1661 errmt;
708 1588 774 1651 aut
789 1577 820 1650 si
837 1575 876 1648 in
892 1599 1006 1648 unam
1019 1576 1136 1650 actio-

90 1713 177 1762 nem
205 1712 272 1785 spe
295 1688 472 1779 victoriae,
500 1689 558 1762 vel
585 1688 734 1786 praedae,
761 1689 820 1762 vel
836 1687 1021 1778 vindictae,
1048 1688 1137 1762 satis

91 1800 340 1891 consentiant,
357 1813 487 1897 postea
513 1813 637 1876 tamen
664 1801 877 1876 diversitate
905 1801 1136 1898 ingeniorum

90 1915 416 2011 consiliorumque,
443 1915 502 1988 vel
525 1917 756 1990 aemulatione
774 1927 812 1990 et
837 1914 986 2004 invidia,
1004 1915 1138 2012 quibus

89 2027 312 2101 annualiter
323 2028 488 2102 homines
497 2015 951 2120 intersecontenduntita
963 2027 1138 2103 divellen-

88 2151 162 2231 tur,
181 2153 224 2213 ut
247 2165 370 2236 neque
386 2151 553 2217 mutuam
571 2167 679 2240 opem
696 2143 861 2216 conferre
875 2165 995 2238 neque
1006 2165 1137 2240 pacem

89 2255 189 2326 inter
212 2277 253 2326 se
273 2254 409 2328 habere
436 2255 564 2346 velint,
582 2256 653 2329 nisi
676 2255 862 2330 communi
887 2255 1011 2351 uliquo
1034 2267 1138 2329 metu

90 2379 346 2440 coerceantur.
398 2367 454 2440 Ex
471 2392 545 2465 quo
568 2370 733 2465 sequitur
759 2368 1033 2442 consensionem
1058 2368 1139 2464 plu·

90 2482 201 2570 rium,
235 2505 318 2576 quae
346 2482 515 2556 consistit
542 2483 581 2557 in
609 2507 653 2557 eo
680 2493 826 2556 tantum
851 2481 952 2579 quod
976 2481 1140 2555 actiones

91 2618 177 2666 suas
195 2615 327 2666 omnes
352 2593 402 2667 ad
426 2595 584 2670 cundem
600 2597 711 2670 finem
742 2609 781 2669 et
808 2594 937 2668 borram
955 2619 1141 2668 commane

90 2707 270 2803 dirigant,
296 2706 369 2780 hoc
386 2718 453 2797 est,
472 2709 684 2782 societatem
701 2709 820 2782 mutui
837 2719 982 2781 tantum
1000 2706 1139 2795 auxilii,

90 2844 167 2894 non
184 2829 364 2916 praestare
390 2822 707 2896 consentientibus
732 2821 808 2895 sive
831 2820 939 2894 sociis
962 2821 1139 2894 securita-

90 2944 182 3023 tem,
196 2957 309 3030 quam
320 2934 530 3030 quaerimuS,
544 2935 739 3010 exercendi
755 2936 854 3008 inter
868 2958 907 3008 se
924 2935 1022 3030 ipsos
1039 2933 1140 3029 leges

90 3060 239 3122 naturae
264 3070 376 3143 supra
392 3047 534 3132 dictas;
561 3049 628 3122 sed
652 3060 823 3145 oportere
850 3046 1007 3144 amplius
1033 3046 1140 3142 quid-

91 3161 179 3234 dam
207 3161 302 3250 fieri,
320 3171 363 3234 ut
381 3162 444 3258 qui
462 3162 575 3235 semel
592 3162 641 3237 ad
656 3185 785 3259 pacem
808 3171 847 3234 et
862 3170 1032 3234 mutuum
1050 3185 1142 3233 oux-

90 3275 197 3346 ilium
216 3296 328 3346 causa
340 3275 539 3346 commonia
557 3274 642 3347 boni
660 3275 923 3364 consenserint,
934 3296 982 3346 ne
998 3283 1139 3370 postea,

92 3410 180 3460 cum
210 3384 342 3459 bonum
376 3409 483 3460 suum
509 3387 659 3482 aliquod
684 3387 880 3485 privatum
909 3411 933 3461 a
962 3384 1141 3458 communi

91 3499 370 3595 discrepaverit,
377 3499 854 3587 iterumfflsscntiantmetu
862 3499 1140 3597 prohibeantur.

146 3623 182 3687 5.
211 3612 393 3687 Numerat
411 3613 627 3688 Aristoteles
652 3615 750 3688 inter
772 3613 956 3698 animalia,
974 3636 1056 3708 quae
1073 3635 1140 3708 po-
1153 3633 1335 3709 cummanum¹

91 3728 198 3800 litica
214 3725 388 3823 appellat,
402 3750 479 3800 non
489 3727 599 3801 modo
616 3727 806 3817 homimem,
820 3726 1007 3800 sedetiam
1023 3724 1140 3798 multa
1151 3699 1344 3820 ,ᾞΪᾚ

93 3841 178 3930 alia,
210 3853 255 3912 ut
271 3839 494 3936 formicam,
516 3866 636 3939 apem,
668 3841 753 3914 &cz
791 3863 885 3936 quae,
917 3862 1139 3936 quamquam
1151 3828 1282 3944 affl,
1298 3833 1341 3936 ’ἐξ

94 3955 241 4028 ratione
260 3953 519 4043 destituantur,
531 3979 598 4052 per
611 3979 721 4052 quam
734 3965 846 4051 pacta
861 3953 981 4026 faeere
999 3961 1036 4024 et
1054 3951 1135 4023 sub·
1152 3958 1354 4002 musenim·

94 4069 246 4142 mittere
264 4090 303 4140 se
322 4067 491 4163 regimini
516 4069 670 4164 possint,
687 4067 937 4154 nihilominus,
956 4064 1140 4138 consenti-

96 4181 206 4270 end0,
224 4179 264 4254 id
281 4192 350 4269 est,
377 4179 506 4254 eadem
531 4180 713 4278 cupiendo
741 4193 779 4254 et
797 4178 926 4254 eadem
951 4176 1141 4272 fugiendo,

975 4311 999 4362 Ρ
1020 4311 1037 4358 a
