2918 4912
102 485 197 535 SECT.
214 486 265 536 111.

178 563 199 610 6.

85 701 164 744 Eidem
175 716 188 745 n
198 702 283 746 civibus

83 765 199 822 imperium
224 767 284 810 obso

83 829 162 884 lutum,
172 837 213 876 eto.

299 271 371 338 226
702 285 932 340 rnrnnrnn.

297 454 459 526 nectitur
493 455 627 526 civium
661 456 884 546 obedientia,
921 466 1059 552 quanta
1093 455 1141 528 ad
1184 456 1346 528 civitatis
1449 448 1453 460 ’

296 567 459 662 regimen
483 569 689 641 necessario
714 569 925 665 requiritur,
943 568 982 640 id
1004 580 1071 658 est,
1090 579 1196 641 tanta
1213 583 1258 642 ut
1284 571 1346 664 jus

295 679 387 752 illud
399 681 537 754 frustra
553 706 628 754 non
647 681 693 755 sit
711 705 937 755 concessum.
978 683 1202 777 Hujusmodi
1220 693 1346 755 autem
1455 731 1456 736 =

295 793 551 884 obedientiam,
569 794 658 867 licet
673 819 719 867 ea
742 795 923 891 aliquibus
942 794 987 867 de
1005 795 1124 867 causis
1145 795 1346 891 aliquando

295 907 423 1002 negari
445 909 528 1002 jure
545 907 672 1002 possit,
692 908 779 1004 quia
796 918 921 980 tamen
937 908 1106 1004 praestari
1123 910 1244 1004 major
1270 932 1346 982 non

290 1030 429 1114 potest,
449 1041 680 1093 srrrrnronrr
699 1020 936 1104 vocabimus„
961 1021 1137 1093 Nascitur
1153 1032 1282 1094 autern
1298 1022 1348 1094 ad

295 1156 376 1205 eam
405 1133 653 1229 praestandam
684 1134 860 1230 obligatio
886 1158 963 1206 non
991 1133 1204 1206 immediate
1231 1158 1346 1208 exeo

295 1259 415 1340 pacto,
433 1247 472 1319 in
491 1271 563 1343 quo
577 1249 638 1343 jus
651 1260 819 1320 nostrum
836 1271 945 1320 omne
956 1246 1004 1319 ad
1021 1247 1211 1319 civitatem
1226 1258 1346 1321 trans·
1453 1277 1456 1322 ι

295 1359 446 1431 tulimus
461 1386 470 1444 ;
497 1360 562 1432 sed
578 1359 748 1448 mediate,
767 1383 899 1455 nempe
916 1384 962 1432 ex
981 1383 1024 1432 eo
1044 1359 1144 1455 quod
1158 1361 1239 1433 sine
1258 1364 1345 1434 obe-

296 1471 435 1545 dientia
447 1474 509 1568 jus
534 1473 679 1570 imperii
695 1473 834 1546 frustra
850 1484 958 1562 esset,
973 1484 1011 1545 et
1027 1496 1094 1568 per
1113 1497 1345 1569 consequens
1450 1526 1454 1538 ε

295 1586 443 1660 omnino
462 1589 665 1660 constituta
682 1587 809 1661 civitas
830 1611 906 1659 non
919 1586 1060 1660 fuisset.
1114 1587 1228 1659 Aliud
1245 1587 1345 1659 enim

294 1713 350 1773 est
374 1701 404 1772 si
423 1701 517 1790 dicu,
528 1703 598 1796 jar
614 1701 685 1774 tibi
704 1701 751 1774 do
769 1699 956 1798 quidlibet
973 1699 1215 1798 imperandi:
1243 1701 1345 1774 aliud
1449 1777 1454 1801 Ι

292 1813 324 1886 si
336 1812 430 1904 dico,
440 1813 596 1911 faciam
614 1814 797 1912 quicquid
808 1813 1024 1912 imperabis.
1051 1813 1253 1909 Potestque
1271 1815 1345 1886 tale
1455 1815 1456 1840 ³

293 1951 371 1999 esse
398 1926 624 2016 mandatum,
653 1937 697 2000 ut
725 1927 885 1999 interfici
912 1926 1037 1998 malim
1066 1949 1176 2021 quarn
1206 1925 1343 2002 facere.

294 2039 484 2136 Siquidem
501 2062 588 2136 ergo
606 2040 726 2112 teneri
742 2062 851 2111 nemo
869 2049 991 2135 potest
1006 2050 1051 2110 ut
1063 2037 1153 2111 velit
1169 2039 1341 2129 interfici,
1455 2065 1456 2070 ’

292 2153 409 2225 multo
427 2153 547 2226 minus
566 2164 714 2226 tenetur
731 2152 778 2225 ad
795 2153 835 2225 id
852 2152 951 2248 quod
968 2162 1087 2224 morte
1106 2164 1164 2224 est
1180 2155 1341 2248 gravius.

294 2265 333 2338 Si
347 2267 478 2360 jubear
506 2290 593 2363 ergo
624 2267 831 2340 interficere
861 2267 1052 2361 meipsum,
1084 2288 1160 2337 non
1188 2276 1340 2339 teneor:
1455 2279 1456 2284 ’

292 2404 378 2453 nam
396 2380 465 2453 etsi
481 2404 677 2476 negavero,
695 2404 764 2452 nec
775 2381 836 2475 jus
849 2378 994 2474 imperii
1010 2377 1151 2450 frustra
1168 2389 1239 2467 est,
1259 2403 1344 2452 oum
1455 2421 1456 2430 κ

292 2493 355 2565 alii
371 2493 498 2566 haberi
524 2494 678 2589 possint,
698 2492 761 2589 qui
788 2492 827 2565 id
844 2491 965 2565 facere
979 2486 1072 2586 jussi
1100 2514 1176 2563 non
1195 2516 1345 2566 recusa-

291 2605 398 2695 bunt,
428 2630 548 2703 neque
578 2607 617 2679 id
647 2630 776 2678 recuso
807 2605 906 2700 quod
936 2605 1058 2676 facere
1089 2613 1221 2698 pactus
1250 2630 1342 2678 sum.
1450 2604 1453 2621 '

294 2720 471 2792 Similiter
498 2719 598 2808 siis,
630 2720 692 2815 qui
720 2742 902 2791 summurn
932 2718 1044 2789 habet
1073 2717 1282 2811 imperium,
1305 2745 1344 2792 se
1455 2783 1456 2822 ἒ

292 2835 423 2930 ipsum,
441 2835 683 2929 imperantem
702 2833 796 2921 dico,
814 2832 1022 2904 interficere
1044 2829 1154 2902 alicui
1172 2830 1344 2928 imperet,
1450 2829 1456 2913 j

291 2971 368 3019 non
384 2959 554 3020 tenetur:
582 2946 669 3041 quia
686 2945 843 3040 intelligi
857 2967 933 3016 non
945 2953 1133 3039 potestur
1156 2942 1196 3015 id
1208 2955 1343 3040 pactus
1455 3005 1456 3014 ,

292 3060 414 3134 fuerit.
467 3061 597 3155 Neque
615 3069 818 3156 parentem,
837 3057 913 3130 sive
924 3057 955 3128 is
973 3055 1160 3144 innocens,
1180 3057 1259 3131 sive
1275 3083 1344 3132 no-

292 3196 378 3245 cens
396 3174 455 3262 sit,
474 3185 512 3246 et
526 3174 610 3269 jure
628 3171 918 3254 condemnatus;
947 3179 1086 3242 comet
1104 3169 1165 3241 alii
1182 3170 1260 3244 sint
1277 3174 1342 3267 qui

290 3285 330 3357 id
345 3287 467 3359 facere
492 3288 584 3382 jussi
606 3286 743 3375 volent,
763 3297 801 3356 et
828 3284 924 3356 filius
952 3282 1046 3355 mori
1078 3307 1189 3378 quam
1215 3285 1341 3359 vivere

289 3399 435 3472 infamis
462 3413 572 3498 atque
591 3423 722 3472 exosus
740 3398 854 3472 malit.
907 3396 1019 3470 Multi
1037 3395 1099 3468 alii
1116 3420 1223 3470 casus
1242 3412 1342 3491 sunt,
1453 3415 1454 3424 ’

288 3512 328 3585 in
359 3513 502 3614 quibus,
521 3538 606 3586 cum
632 3511 809 3585 mandata
835 3509 914 3607 aliis
939 3508 1089 3607 quidem
1106 3508 1208 3582 factu
1233 3512 1342 3587 inho-
1453 3577 1454 3586 ,

287 3639 393 3700 nesta
409 3638 506 3717 sunt,
525 3627 605 3700 aliis
623 3638 747 3698 autem
765 3649 841 3697 non
871 3633 968 3712 sunt,
988 3621 1199 3696 obedientia
1217 3627 1265 3699 ab
1282 3627 1341 3701 his
1453 3613 1454 3648 ³

287 3741 465 3837 praestari,
485 3741 532 3812 ab
549 3739 621 3812 illis
631 3739 759 3834 negari
773 3740 857 3832 jure
874 3746 999 3832 potest
1015 3764 1023 3807 :
1051 3746 1162 3831 atque
1180 3735 1220 3809 id
1238 3739 1340 3815 salvo

283 3857 378 3949 jure,
415 3852 514 3949 quod
547 3851 743 3947 imperanti
773 3872 988 3922 concessum
1022 3859 1079 3920 est
1112 3849 1339 3928 absolutum.
1453 3907 1454 3928 r

287 3967 384 4040 Nam
402 3966 455 4039 illi
476 3967 515 4039 in
531 3965 633 4038 nullo
653 3988 740 4038 casu
757 3988 831 4053 eos,
857 3963 920 4058 qui
946 3960 1194 4035 obedientiam
1224 3989 1340 4064 nega-

287 4081 391 4169 bunt,
409 4077 654 4180 interficiendi
678 4081 739 4174 jus
757 4076 943 4150 adimitur.
998 4076 1184 4149 Caeterum
1203 4081 1268 4175 qui
1285 4081 1339 4155 sic

287 4192 524 4280 interficiunt,
553 4191 622 4264 etsi
649 4193 733 4286 jure
759 4213 933 4264 concesso
966 4190 1012 4262 ab
1041 4212 1085 4261 eo
1117 4190 1180 4284 qui
1209 4191 1337 4280 habet,
