2864 4924
94 519 191 584 sacr.
207 519 246 571 11.

98 597 241 701 §.Lu

104 729 240 774 Nutricem:

280 306 302 369 4
662 317 717 368 DE
737 315 921 380 HOMINE.

282 483 402 558 cordis
418 483 610 559 diastolem
624 483 746 558 efficit.
797 486 882 561 Quo
895 484 995 558 facto
1009 506 1152 580 corpor
1165 483 1316 556 arterias
1427 575 1428 578 Ἴ

281 598 500 694 sanguinem
517 609 705 688 exonerat,
724 598 788 693 qui
804 608 925 670 motus
943 597 1078 670 dicitur
1095 595 1241 692 systole.

332 711 385 785 Ut
402 721 526 784 autem
544 711 633 807 quid
649 711 740 784 illud
756 711 805 784 sit
828 711 867 784 in
891 734 986 800 aere,
1015 709 1115 806 quod
1131 719 1235 783 motu
1252 732 1317 780 suo

281 823 506 920 sanguinem
525 824 565 897 in
593 823 695 896 venis
724 848 871 897 movere
901 823 1028 919 possit,
1057 822 1316 918 concipiamus,

282 937 511 1012 considerare
530 946 676 1033 oportet
692 962 740 1011 an
764 937 801 1010 in
822 937 921 1011 omni
939 959 1022 1010 acre
1040 960 1143 1032 aeque
1159 936 1315 1009 vivatur.

284 1051 436 1124 Constat
454 1059 577 1123 autem
595 1051 830 1123 contrarium.
883 1051 969 1140 Aer,
997 1051 1029 1122 si
1055 1050 1169 1124 aether
1195 1072 1317 1122 merus

284 1176 389 1253 esset,
413 1164 663 1259 homogencus
687 1176 803 1250 esset;
830 1177 867 1236 et
889 1163 1044 1259 proinde
1061 1164 1100 1236 in
1117 1163 1216 1236 omni
1234 1186 1317 1235 aere

284 1301 388 1375 aeque
409 1277 614 1362 viveretur;
641 1278 715 1351 imo
740 1301 816 1350 non
842 1278 991 1354 omnino
1015 1277 1209 1364 viveretur,
1234 1300 1317 1348 cum

283 1415 405 1464 merus
422 1413 485 1462 aer
502 1389 555 1461 ita
572 1413 718 1463 movere
740 1390 966 1487 sanguinem,
983 1400 1026 1463 ut
1042 1402 1216 1462 nascatur
1233 1389 1317 1462 inde

284 1503 404 1577 cordis
431 1502 566 1600 systole
596 1513 633 1576 et
664 1503 827 1593 diastole,
857 1528 933 1577 non
959 1503 1085 1600 possit.
1137 1504 1319 1576 Praeterea

287 1616 478 1714 cognitum
495 1616 718 1713 experientia
736 1628 803 1707 cst,
821 1640 904 1689 aere
923 1640 1054 1713 pauco,
1076 1615 1141 1688 sed
1161 1615 1199 1687 in
1225 1614 1318 1689 vesi-

284 1755 365 1804 cam
376 1730 413 1803 vi
425 1729 566 1802 intruso
578 1739 615 1802 et
627 1753 737 1826 parce
749 1731 894 1820 hausto,
900 1729 1023 1803 durari
1033 1752 1139 1825 posse
1153 1727 1191 1800 in
1203 1729 1317 1801 fundo

284 1843 395 1917 maris
421 1867 484 1917 sex
510 1843 610 1916 horis
639 1844 821 1917 continuis
833 1874 843 1928 ;
870 1843 968 1940 quod
989 1843 1069 1916 fieri
1098 1841 1318 1937 impossibile

284 1968 389 2046 esset,
416 1957 446 2029 si
473 1980 535 2029 aer
560 1955 620 2030 ille
646 1957 808 2030 intrusus
831 1981 954 2030 merus
975 1967 1081 2030 esset.
1128 1955 1230 2027 Nam
1257 1978 1320 2027 aer
1357 2013 1361 2022 .

286 2069 398 2143 semel
414 2070 565 2142 haustus
582 2081 620 2142 et
643 2070 796 2160 efflatus,
820 2070 1052 2166 quantumvis
1069 2069 1318 2166 refrigeratus,

285 2183 419 2256 iterum
446 2194 614 2279 receptus
638 2183 726 2257 vitae
754 2183 891 2257 inutilis
920 2195 988 2256 est.
1041 2182 1136 2256 Sunt
1166 2205 1254 2279 ergo
1281 2183 1321 2255 in

286 2320 369 2369 aere
398 2295 617 2392 corpuscula
640 2296 762 2392 aliqua
787 2320 864 2393 prae
890 2295 1088 2393 exiguitate
1113 2295 1318 2384 invisibilia,

288 2432 371 2505 qnae
388 2419 528 2481 motum
554 2407 651 2482 hunc
675 2408 861 2505 sanguinis
878 2409 916 2482 in
933 2408 1047 2499 venia,
1072 2432 1143 2505 quo
1161 2430 1225 2481 cor
1242 2432 1321 2482 mo-

285 2533 404 2611 vetur,
421 2522 583 2595 efficiunt
596 2533 700 2596 motu
713 2547 779 2597 suo
792 2523 960 2596 naturali.
1013 2522 1208 2612 Nimirum,
1221 2535 1265 2596 ut
1282 2523 1319 2595 in

287 2633 380 2708 mari
396 2634 460 2724 sal,
488 2635 540 2707 ita
565 2647 620 2708 cst
645 2636 684 2708 in
710 2659 793 2708 aere
819 2636 885 2710 sali
909 2636 1047 2733 aliquid
1072 2636 1319 2732 homologum,

288 2772 356 2822 cen
371 2748 519 2838 nitrum,
545 2749 645 2845 quod
665 2773 731 2845 per
751 2749 1026 2847 respirationem
1050 2750 1088 2823 in
1107 2749 1320 2847 sanguinem

287 2877 474 2959 receptum
498 2862 599 2935 illum
625 2862 740 2959 agitat
763 2863 1044 2961 fermentatque,
1068 2887 1179 2937 venas
1202 2873 1241 2937 et
1257 2887 1320 2936 cor

287 2973 474 3065 distendit,
492 2989 530 3049 et
545 2999 613 3074 per
629 2976 749 3050 cordis
767 2977 952 3074 systolem,
965 2977 1208 3051 mediantibus
1225 2987 1319 3050 arte-

286 3087 360 3178 riis,
378 3088 416 3161 in
432 3089 599 3162 habitum
616 3089 779 3186 corporis
795 3089 946 3164 humani
963 3090 1200 3164 distribuitur.
1237 3089 1319 3163 Mo-

284 3195 346 3274 ¹tus
366 3214 501 3292 autem,
529 3225 637 3298 quem
662 3203 878 3299 corpuscula
899 3203 988 3277 talia
1011 3204 1146 3277 habere
1172 3203 1318 3293 debent,

287 3313 379 3386 alius
396 3338 474 3387 esse
491 3338 565 3388 non
582 3324 703 3410 potest
720 3339 830 3412 quam
843 3316 874 3389 is
888 3340 997 3413 quem
1013 3317 1108 3414 (cap.
1124 3339 1216 3391 xxr.
1230 3328 1318 3390 sect.

287 3425 348 3498 De
377 3423 556 3524 Corpore)
585 3437 717 3500 motam
748 3427 953 3526 simplicem
983 3430 1253 3527 appellavimus,
1283 3441 1320 3502 et

286 3539 575 3612 fermentationis
593 3541 711 3614 omnis
725 3564 872 3614 causam
886 3565 963 3616 esse
978 3543 1317 3628 demonstravimus.

286 3651 417 3748 Neque
434 3652 605 3749 cuiquam
622 3654 842 3728 mirumhoc
863 3655 980 3730 videri
997 3656 1117 3748 debet,
1135 3680 1220 3730 cum
1237 3679 1318 3729 san-

285 3763 405 3862 guinis
418 3776 457 3838 et
470 3765 590 3840 cordis
607 3778 749 3841 motum
767 3767 858 3857 sisti,
876 3769 1092 3867 morbosque
1109 3782 1148 3843 et
1164 3781 1319 3843 mortem

285 3901 330 3950 ex
358 3880 492 3953 haustu
520 3880 612 3954 aeris
640 3881 856 3976 insalubris„
874 3882 912 3957 id
941 3895 997 3958 est
1027 3909 1072 3957 ex
1102 3884 1319 3982 quibusdam

285 3992 507 4088 corpusculis
531 3993 615 4066 vitae
639 3994 842 4068 rationibus
862 3996 1053 4071 contrariis
1070 3997 1109 4070 in
1126 4020 1209 4071 aere
1227 3997 1319 4072 exis-

285 4105 446 4181 tentibus
472 4107 667 4204 saepissime
693 4109 795 4205 sequi
819 4109 1019 4200 videamus,
1045 4121 1082 4184 et
1107 4122 1248 4201 contra,
1274 4133 1318 4183 ex

285 4217 365 4293 aliis
390 4220 503 4294 vitam
531 4233 569 4296 et
596 4221 792 4296 sanitatem
818 4223 1035 4298 conservari.
1089 4222 1192 4298 Sicut
1220 4225 1315 4298 enim
