2912 4912
494 279 547 332 ns
568 276 814 332 numerous.
1105 265 1169 334 121

129 447 228 520 Cum
252 469 340 542 ergo
365 469 431 519 rex
456 444 486 519 si
508 469 617 537 esses,
642 445 809 543 iniquum
839 444 878 520 id
903 469 982 520 esse
1008 443 1172 537 duceres,
1212 481 1308 532 sm,
1324 485 1362 535 n.

126 585 252 634 nonne
269 560 390 656 legem
406 559 519 633 habes
536 559 725 634 actionum
746 569 893 634 tuarum
911 559 1075 656 regulam
1093 583 1172 632 cer·
1211 561 1355 664 ss

125 675 335 748 tissimam?
387 675 442 748 Ea
466 685 588 747 autem
619 673 729 747 etiam
757 672 880 747 diviua
907 684 973 762 est,
1001 697 1084 770 quae
1111 696 1171 746 su-

124 789 265 886 premis
283 787 539 884 potestatibus,
565 785 604 860 id
621 797 687 876 est,
715 809 968 882 supremorum
986 785 1171 883 imperan-

125 903 222 976 tium
239 902 382 998 legibus
401 900 550 974 obedire
566 899 745 997 praeeipit.

175 1023 213 1087 6.
242 1012 318 1086 Sed
335 1037 419 1086 eum
440 1011 606 1085 homines
630 1011 804 1085 mandata
819 1011 889 1085 Dei
915 1013 993 1108 jam
1009 1011 1168 1086 violave·
1195 1019 1361 1132 mem

123 1130 211 1216 rint,
230 1137 459 1225 peccentque
485 1125 661 1222 quotidie,
686 1125 882 1222 quomodo,
908 1124 1007 1198 dicet
1024 1125 1166 1222 aliquis,
1194 1149 1303 1209 mura
1315 1165 1351 1210 pe

123 1267 210 1315 eum
241 1240 386 1338 justitia
420 1239 543 1312 divina
572 1249 669 1314 stare
695 1249 829 1336 potest,
855 1250 897 1311 ut
930 1249 1167 1335 peccatorum
1194 1215 1360 1340 &2¹2²

123 1378 254 1452 poenas
279 1379 355 1426 non
384 1353 430 1426 ab
458 1353 530 1426 illis
547 1351 713 1449 requirat
738 1351 863 1426 Deus?
917 1352 990 1425 Sed
1007 1353 1118 1426 homo
1136 1353 1168 1428 si

121 1468 277 1566 injurias
301 1466 371 1548 sibi
397 1466 515 1538 illatas
536 1488 726 1562 nunquam
750 1465 960 1554 ulciscatur,
978 1465 1009 1538 si
1035 1465 1088 1539 ita
1111 1467 1168 1562 ig-

122 1577 1167 1676 noscatutnullamomninovindictam,nepoenitentiam

121 1695 275 1792 quidem
293 1693 427 1789 exigat,
446 1717 493 1766 an
519 1693 623 1766 illum
640 1692 829 1789 injustum,
848 1715 895 1764 an
920 1691 1044 1788 potius
1062 1715 1168 1765 sane-

121 1821 200 1881 tum
221 1832 301 1881 esse
319 1806 633 1880 existimabimus?
686 1805 767 1878 Nisi
796 1829 884 1902 ergo
902 1805 1022 1878 Deum
1044 1805 1166 1881 minus

120 1919 398 1994 misericordem
426 1943 503 1993 esse
533 1919 697 1993 dicamus
725 1940 835 2014 quam
857 1917 1036 2006 hominm,
1055 1942 1167 1994 causa

120 2035 224 2107 nulla
241 2046 299 2108 est
316 2057 382 2108 cur
399 2057 475 2107 non
492 2033 608 2131 possit
626 2033 725 2106 Deus
742 2030 1008 2129 peccatoribus,
1034 2031 1166 2106 saltem

118 2147 397 2243 poenitentibus
426 2147 503 2220 sine
530 2147 606 2220 ulla
631 2145 794 2242 ipsorum
821 2155 887 2217 aut
914 2143 1069 2218 aliorum
1095 2168 1164 2241 pro

118 2261 191 2334 illis
208 2270 363 2357 accepta
378 2284 488 2355 poena
503 2259 704 2356 ignoscere.
760 2256 870 2331 Quod
883 2257 983 2330 Deus
997 2258 1084 2330 olim
1097 2283 1165 2355 pro

117 2372 282 2470 peccatis
309 2371 436 2468 populi
466 2372 630 2468 exigeret
657 2370 847 2460 sacrificia,
870 2395 946 2444 non
978 2371 1165 2446 habebant

118 2487 183 2559 illa
200 2485 381 2558 sacrificia
398 2483 579 2558 rationem
601 2507 732 2581 poenae,
752 2482 817 2556 sed
840 2495 945 2557 erant
963 2485 1166 2560 constituta

117 2623 185 2696 pro
199 2597 433 2695 peccantium
452 2620 530 2670 sese
544 2596 592 2669 ad
609 2596 730 2669 Deum
743 2597 1049 2686 convertentium,
1065 2599 1165 2672 etad

118 2710 368 2786 obedientiam
385 2710 577 2807 pristinam
594 2709 827 2782 redeuntium
843 2709 979 2808 signis.
1032 2712 1163 2809 Itaque

118 2825 325 2899 Servatoris
343 2825 462 2898 nostri
478 2847 577 2897 mors
595 2847 670 2898 non
687 2835 767 2896 erat
787 2824 1021 2920 peccantium
1039 2851 1160 2922 poena,

117 2939 182 3012 sed
215 2938 480 3035 propeccatis
515 2937 746 3011 sacrificium.
799 2937 848 3010 llt
878 2938 977 3034 quod
1009 2952 1162 3037 peccata

116 3065 246 3126 nostra
263 3051 427 3149 bajulare
446 3051 590 3142 dicitur,
608 3076 683 3125 non
701 3051 819 3148 magis
838 3051 884 3124 de
900 3076 1011 3149 poena
1026 3054 1162 3127 iutelli-

116 3167 281 3262 gendum
293 3176 361 3254 est,
376 3188 487 3261 quam
501 3165 679 3238 sacrificia
689 3165 777 3238 olim
788 3165 840 3238 ita
849 3165 1160 3262 intelligebantur,

117 3304 198 3376 quae
215 3303 294 3354 non
312 3290 419 3352 erant
435 3277 474 3350 in
491 3277 564 3351 illis
577 3277 796 3350 animalibus
814 3290 1063 3374 peecatorum,
1077 3305 1160 3377 quae

116 3393 382 3468 commiserunt
404 3390 537 3481 ludaei,
554 3390 777 3488 punitiones
795 3391 860 3464 sed
886 3403 1076 3489 gratorum
1094 3395 1160 3468 ho-

114 3507 258 3581 minum
286 3505 500 3579 oblationes.
553 3503 759 3600 Requisivit
782 3504 828 3577 ab
853 3505 1029 3580 Israelitis
1060 3507 1159 3581 Deus

114 3619 313 3717 quotannis
332 3617 424 3690 duos
449 3616 594 3702 hireos;
621 3640 776 3713 quorum
804 3616 908 3709 alter,
927 3619 991 3716 qui
1008 3643 1075 3716 pro
1093 3623 1158 3694 ob-

113 3734 251 3808 latione
264 3740 355 3819 erat,
372 3729 643 3820 immolabatur,
658 3729 762 3821 alter,
777 3731 840 3827 qui
853 3735 1013 3829 peccatis
1030 3735 1158 3831 populi

114 3856 291 3921 oneratus
305 3855 395 3936 erat,
409 3844 626 3940 abigebatur
639 3843 677 3917 in
692 3842 877 3918 desertum
890 3847 993 3942 quasi
1005 3859 1158 3944 peccata

112 3960 240 4057 populi
257 3960 551 4054 absportaturus.
589 3956 765 4030 Similiter
779 3957 958 4051 Christus,
976 3971 1156 4056 quatenus

113 4073 257 4146 oblatus
283 4071 322 4144 iu
349 4093 469 4156 eruce,
487 4069 629 4143 occisus
656 4080 732 4155 est;
760 4081 941 4167 quatenus
958 4096 1046 4147 vero
1068 4098 1155 4171 peo-

115 4191 205 4265 eatis
221 4187 359 4264 nostris
377 4198 548 4262 oneratus
562 4197 628 4278 est,
649 4188 858 4264 resurrexit.
889 4189 970 4264 Nisi
988 4190 1155 4266 Christus
