<?xml version="1.0" encoding="UTF-8"?>
<!DOCTYPE html PUBLIC "-//W3C//DTD XHTML 1.0 Transitional//EN"
    "http://www.w3.org/TR/xhtml1/DTD/xhtml1-transitional.dtd">
<html xmlns="http://www.w3.org/1999/xhtml" xml:lang="en" lang="en">
 <head>
  <title>
</title>
<meta http-equiv="Content-Type" content="text/html;charset=utf-8" />
  <meta name='ocr-system' content='tesseract 3.04.00' />
  <meta name='ocr-capabilities' content='ocr_page ocr_carea ocr_par ocr_line ocrx_word'/>
</head>
<body>
  <div class='ocr_page' id='page_1' title='image "./thomhobbesmalme09hobbgoog_0028.png"; bbox 0 0 2896 4914; ppageno 0'>
   <div class='ocr_carea' id='block_1_1' title="bbox 378 253 1154 347">
    <p class='ocr_par' dir='ltr' id='par_1_1' title="bbox 378 253 1154 347">
     <span class='ocr_line' id='line_1_1' title="bbox 378 253 1154 347; baseline -0.004 -15"><span class='ocrx_word' id='word_1_1' title='bbox 378 279 432 332; x_wconf 83' lang='lat' dir='ltr'>us</span> <span class='ocrx_word' id='word_1_2' title='bbox 452 270 580 332; x_wconf 69' lang='lat' dir='ltr'>arvus</span> <span class='ocrx_word' id='word_1_3' title='bbox 599 271 783 347; x_wconf 70' lang='lat' dir='ltr'>visuum,</span> <span class='ocrx_word' id='word_1_4' title='bbox 804 279 892 332; x_wconf 83' lang='lat' dir='ltr'>nro.</span> <span class='ocrx_word' id='word_1_5' title='bbox 1110 253 1154 330; x_wconf 78' lang='lat'>13</span> 
     </span>
    </p>
   </div>
   <div class='ocr_carea' id='block_1_2' title="bbox 111 442 1342 544">
    <p class='ocr_par' dir='ltr' id='par_1_2' title="bbox 111 442 1342 544">
     <span class='ocr_line' id='line_1_2' title="bbox 111 442 1342 544; baseline -0.003 -22"><span class='ocrx_word' id='word_1_6' title='bbox 111 473 175 522; x_wconf 88' lang='lat' dir='ltr'>sua</span> <span class='ocrx_word' id='word_1_7' title='bbox 202 442 372 538; x_wconf 87' lang='lat' dir='ltr'>retinam,</span> <span class='ocrx_word' id='word_1_8' title='bbox 401 459 445 522; x_wconf 92' lang='lat' dir='ltr'>ut</span> <span class='ocrx_word' id='word_1_9' title='bbox 469 449 507 522; x_wconf 91' lang='lat' dir='ltr'>in</span> <span class='ocrx_word' id='word_1_10' title='bbox 537 448 578 522; x_wconf 92' lang='lat' dir='ltr'>M</span> <span class='ocrx_word' id='word_1_11' title='bbox 591 448 621 520; x_wconf 91' lang='lat' dir='ltr'>B</span> <span class='ocrx_word' id='word_1_12' title='bbox 634 447 663 536; x_wconf 95' lang='lat' dir='ltr'>l,</span> <span class='ocrx_word' id='word_1_13' title='bbox 690 448 766 521; x_wconf 90' lang='lat' dir='ltr'>sive</span> <span class='ocrx_word' id='word_1_14' title='bbox 793 468 985 544; x_wconf 82' lang='lat' dir='ltr'>processus</span> <span class='ocrx_word' id='word_1_15' title='bbox 1011 445 1155 518; x_wconf 90' lang='lat' dir='ltr'>ciliares</span> <span class='ocrx_word' id='word_1_16' title='bbox 1191 471 1288 528; x_wconf 66' lang='lat' dir='ltr'>sacr,</span> <span class='ocrx_word' id='word_1_17' title='bbox 1305 477 1342 528; x_wconf 79' lang='grc' dir='ltr'>ῃ,</span> 
     </span>
    </p>
   </div>
   <div class='ocr_carea' id='block_1_3' title="bbox 111 555 1279 659">
    <p class='ocr_par' dir='ltr' id='par_1_3' title="bbox 111 555 1279 659">
     <span class='ocr_line' id='line_1_3' title="bbox 111 555 1279 659; baseline -0.006 -23"><span class='ocrx_word' id='word_1_18' title='bbox 111 565 143 636; x_wconf 92' lang='lat' dir='ltr'>K</span> <span class='ocrx_word' id='word_1_19' title='bbox 158 563 200 651; x_wconf 90' lang='lat' dir='ltr'>L,</span> <span class='ocrx_word' id='word_1_20' title='bbox 219 585 293 658; x_wconf 92' lang='lat' dir='ltr'>quo</span> <span class='ocrx_word' id='word_1_21' title='bbox 311 563 376 634; x_wconf 88' lang='lat' dir='ltr'>fiet</span> <span class='ocrx_word' id='word_1_22' title='bbox 391 572 434 634; x_wconf 92' lang='lat' dir='ltr'>ut</span> <span class='ocrx_word' id='word_1_23' title='bbox 446 560 592 659; x_wconf 78' lang='lat' dir='ltr'>planior</span> <span class='ocrx_word' id='word_1_24' title='bbox 608 561 782 657; x_wconf 90' lang='lat' dir='ltr'>utrinque</span> <span class='ocrx_word' id='word_1_25' title='bbox 800 560 850 634; x_wconf 85' lang='lat' dir='ltr'>sit·</span> <span class='ocrx_word' id='word_1_26' title='bbox 864 560 996 633; x_wconf 93' lang='lat' dir='ltr'>humor</span> <span class='ocrx_word' id='word_1_27' title='bbox 1013 556 1155 632; x_wconf 87' lang='lat' dir='ltr'>cristal-</span> <span class='ocrx_word' id='word_1_28' title='bbox 1256 555 1279 602; x_wconf 73' lang='lat'>2</span> 
     </span>
    </p>
   </div>
   <div class='ocr_carea' id='block_1_4' title="bbox 105 671 1160 3935">
    <p class='ocr_par' dir='ltr' id='par_1_4' title="bbox 107 671 1160 1780">
     <span class='ocr_line' id='line_1_4' title="bbox 108 671 1156 767; baseline -0.003 -19"><span class='ocrx_word' id='word_1_29' title='bbox 108 677 218 763; x_wconf 91' lang='lat' dir='ltr'>linus,</span> <span class='ocrx_word' id='word_1_30' title='bbox 237 673 314 746; x_wconf 92' lang='lat' dir='ltr'>sive</span> <span class='ocrx_word' id='word_1_31' title='bbox 340 674 525 747; x_wconf 87' lang='lat' dir='ltr'>tenuiores</span> <span class='ocrx_word' id='word_1_32' title='bbox 552 673 666 748; x_wconf 85' lang='lat' dir='ltr'>faciat</span> <span class='ocrx_word' id='word_1_33' title='bbox 680 673 866 763; x_wconf 89' lang='lat' dir='ltr'>humores,</span> <span class='ocrx_word' id='word_1_34' title='bbox 886 673 962 746; x_wconf 90' lang='lat' dir='ltr'>sive</span> <span class='ocrx_word' id='word_1_35' title='bbox 979 671 1156 767; x_wconf 88' lang='lat' dir='ltr'>pupillam</span> 
     </span>
     <span class='ocr_line' id='line_1_5' title="bbox 108 783 1158 882; baseline -0.002 -22"><span class='ocrx_word' id='word_1_36' title='bbox 108 787 222 860; x_wconf 88' lang='lat' dir='ltr'>faciat</span> <span class='ocrx_word' id='word_1_37' title='bbox 248 787 480 882; x_wconf 83' lang='lat' dir='ltr'>apertiorem,</span> <span class='ocrx_word' id='word_1_38' title='bbox 499 809 647 859; x_wconf 88' lang='lat' dir='ltr'>necesse</span> <span class='ocrx_word' id='word_1_39' title='bbox 675 795 731 860; x_wconf 88' lang='lat' dir='ltr'>est</span> <span class='ocrx_word' id='word_1_40' title='bbox 754 796 796 859; x_wconf 93' lang='lat' dir='ltr'>ut</span> <span class='ocrx_word' id='word_1_41' title='bbox 818 785 995 859; x_wconf 90' lang='lat' dir='ltr'>visionem</span> <span class='ocrx_word' id='word_1_42' title='bbox 1025 783 1158 858; x_wconf 89' lang='lat' dir='ltr'>reddat</span> 
     </span>
     <span class='ocr_line' id='line_1_6' title="bbox 110 896 1159 994; baseline -0.002 -22"><span class='ocrx_word' id='word_1_43' title='bbox 110 898 381 980; x_wconf 82' lang='lat' dir='ltr'>confusiorem;</span> <span class='ocrx_word' id='word_1_44' title='bbox 408 897 519 994; x_wconf 91' lang='lat' dir='ltr'>idque</span> <span class='ocrx_word' id='word_1_45' title='bbox 548 921 615 994; x_wconf 92' lang='lat' dir='ltr'>per</span> <span class='ocrx_word' id='word_1_46' title='bbox 639 897 840 994; x_wconf 87' lang='lat' dir='ltr'>superfluas</span> <span class='ocrx_word' id='word_1_47' title='bbox 866 896 1021 970; x_wconf 82' lang='lat' dir='ltr'>visuales</span> <span class='ocrx_word' id='word_1_48' title='bbox 1047 919 1091 970; x_wconf 90' lang='lat' dir='ltr'>ex</span> <span class='ocrx_word' id='word_1_49' title='bbox 1115 920 1159 970; x_wconf 90' lang='lat' dir='ltr'>ea</span> 
     </span>
     <span class='ocr_line' id='line_1_7' title="bbox 108 1008 1158 1107; baseline -0.001 -24"><span class='ocrx_word' id='word_1_50' title='bbox 108 1023 215 1107; x_wconf 86' lang='lat' dir='ltr'>parte</span> <span class='ocrx_word' id='word_1_51' title='bbox 238 1009 317 1082; x_wconf 84' lang='lat' dir='ltr'>axis</span> <span class='ocrx_word' id='word_1_52' title='bbox 334 1009 372 1083; x_wconf 93' lang='lat' dir='ltr'>in</span> <span class='ocrx_word' id='word_1_53' title='bbox 390 1033 464 1107; x_wconf 89' lang='lat' dir='ltr'>qna</span> <span class='ocrx_word' id='word_1_54' title='bbox 479 1021 566 1083; x_wconf 92' lang='lat' dir='ltr'>sunt</span> <span class='ocrx_word' id='word_1_55' title='bbox 582 1008 676 1082; x_wconf 89' lang='lat' dir='ltr'>radii</span> <span class='ocrx_word' id='word_1_56' title='bbox 688 1010 757 1107; x_wconf 89' lang='lat' dir='ltr'>ipsi</span> <span class='ocrx_word' id='word_1_57' title='bbox 771 1010 903 1106; x_wconf 92' lang='lat' dir='ltr'>quibus</span> <span class='ocrx_word' id='word_1_58' title='bbox 919 1009 1075 1084; x_wconf 82' lang='lat' dir='ltr'>visuales</span> <span class='ocrx_word' id='word_1_59' title='bbox 1087 1009 1158 1082; x_wconf 84' lang='lat' dir='ltr'>illae</span> 
     </span>
     <span class='ocr_line' id='line_1_8' title="bbox 114 1122 1159 1220; baseline -0.002 -22"><span class='ocrx_word' id='word_1_60' title='bbox 114 1123 352 1220; x_wconf 87' lang='lat' dir='ltr'>respondent.</span> <span class='ocrx_word' id='word_1_61' title='bbox 416 1123 587 1196; x_wconf 84' lang='lat' dir='ltr'>Densitas</span> <span class='ocrx_word' id='word_1_62' title='bbox 603 1134 727 1195; x_wconf 84' lang='lat' dir='ltr'>autem</span> <span class='ocrx_word' id='word_1_63' title='bbox 744 1122 940 1196; x_wconf 91' lang='lat' dir='ltr'>humorum</span> <span class='ocrx_word' id='word_1_64' title='bbox 958 1135 1159 1220; x_wconf 78' lang='lat' dir='ltr'>praetema·</span> 
     </span>
     <span class='ocr_line' id='line_1_9' title="bbox 110 1233 1159 1332; baseline -0.002 -21"><span class='ocrx_word' id='word_1_65' title='bbox 110 1237 254 1326; x_wconf 79' lang='lat' dir='ltr'>nivalis,</span> <span class='ocrx_word' id='word_1_66' title='bbox 274 1236 450 1308; x_wconf 88' lang='lat' dir='ltr'>distantia</span> <span class='ocrx_word' id='word_1_67' title='bbox 467 1233 658 1308; x_wconf 77' lang='lat' dir='ltr'>cristallini</span> <span class='ocrx_word' id='word_1_68' title='bbox 675 1259 697 1308; x_wconf 84' lang='lat' dir='ltr'>a</span> <span class='ocrx_word' id='word_1_69' title='bbox 714 1235 834 1308; x_wconf 89' lang='lat' dir='ltr'>retina</span> <span class='ocrx_word' id='word_1_70' title='bbox 850 1237 967 1332; x_wconf 89' lang='lat' dir='ltr'>major</span> <span class='ocrx_word' id='word_1_71' title='bbox 990 1235 1103 1330; x_wconf 87' lang='lat' dir='ltr'>justu,</span> <span class='ocrx_word' id='word_1_72' title='bbox 1122 1247 1159 1310; x_wconf 87' lang='lat' dir='ltr'>et</span> 
     </span>
     <span class='ocr_line' id='line_1_10' title="bbox 107 1346 1160 1448; baseline -0.001 -25"><span class='ocrx_word' id='word_1_73' title='bbox 107 1349 314 1448; x_wconf 82' lang='lat' dir='ltr'>gibbositas</span> <span class='ocrx_word' id='word_1_74' title='bbox 337 1347 530 1421; x_wconf 84' lang='lat' dir='ltr'>cristallini</span> <span class='ocrx_word' id='word_1_75' title='bbox 546 1346 671 1436; x_wconf 91' lang='lat' dir='ltr'>nimia,</span> <span class='ocrx_word' id='word_1_76' title='bbox 689 1347 867 1421; x_wconf 89' lang='lat' dir='ltr'>visionem</span> <span class='ocrx_word' id='word_1_77' title='bbox 886 1348 1047 1422; x_wconf 87' lang='lat' dir='ltr'>efficiunt</span> <span class='ocrx_word' id='word_1_78' title='bbox 1073 1371 1160 1422; x_wconf 88' lang='lat' dir='ltr'>oon·</span> 
     </span>
     <span class='ocr_line' id='line_1_11' title="bbox 108 1459 1159 1558; baseline -0.001 -21"><span class='ocrx_word' id='word_1_79' title='bbox 108 1464 230 1536; x_wconf 80' lang='lat' dir='ltr'>fusam</span> <span class='ocrx_word' id='word_1_80' title='bbox 248 1485 314 1556; x_wconf 92' lang='lat' dir='ltr'>per</span> <span class='ocrx_word' id='word_1_81' title='bbox 339 1460 540 1558; x_wconf 88' lang='lat' dir='ltr'>superfluas</span> <span class='ocrx_word' id='word_1_82' title='bbox 557 1459 715 1534; x_wconf 82' lang='lat' dir='ltr'>visuales</span> <span class='ocrx_word' id='word_1_83' title='bbox 733 1485 778 1534; x_wconf 88' lang='lat' dir='ltr'>ex</span> <span class='ocrx_word' id='word_1_84' title='bbox 795 1472 901 1557; x_wconf 86' lang='lat' dir='ltr'>parte</span> <span class='ocrx_word' id='word_1_85' title='bbox 918 1461 996 1534; x_wconf 82' lang='lat' dir='ltr'>axis</span> <span class='ocrx_word' id='word_1_86' title='bbox 1013 1473 1159 1536; x_wconf 87' lang='lat' dir='ltr'>contra-</span> 
     </span>
     <span class='ocr_line' id='line_1_12' title="bbox 107 1573 1160 1672; baseline -0.003 -22"><span class='ocrx_word' id='word_1_87' title='bbox 107 1578 174 1650; x_wconf 86' lang='lat' dir='ltr'>ria.</span> <span class='ocrx_word' id='word_1_88' title='bbox 195 1574 342 1651; x_wconf 78' lang='lat' dir='ltr'>Quibus</span> <span class='ocrx_word' id='word_1_89' title='bbox 354 1587 478 1648; x_wconf 87' lang='lat' dir='ltr'>autem</span> <span class='ocrx_word' id='word_1_90' title='bbox 494 1573 706 1647; x_wconf 92' lang='lat' dir='ltr'>vitiumhoc</span> <span class='ocrx_word' id='word_1_91' title='bbox 724 1575 916 1672; x_wconf 88' lang='lat' dir='ltr'>contingit,</span> <span class='ocrx_word' id='word_1_92' title='bbox 929 1575 1160 1671; x_wconf 85' lang='lat' dir='ltr'>appellantur</span> 
     </span>
     <span class='ocr_line' id='line_1_13' title="bbox 108 1687 732 1780; baseline -0.011 -15"><span class='ocrx_word' id='word_1_93' title='bbox 108 1690 250 1765; x_wconf 89' lang='lat' dir='ltr'>Graecis</span> <span class='ocrx_word' id='word_1_94' title='bbox 267 1691 406 1780; x_wconf 81' lang='grc' dir='ltr'><strong><em>μΰωπες,</em></strong></span> <span class='ocrx_word' id='word_1_95' title='bbox 421 1687 550 1761; x_wconf 91' lang='lat' dir='ltr'>Latine</span> <span class='ocrx_word' id='word_1_96' title='bbox 566 1687 732 1760; x_wconf 72' lang='lat' dir='ltr'>lanciati.</span> 
     </span>
    </p>

    <p class='ocr_par' dir='ltr' id='par_1_5' title="bbox 108 1800 1158 2685">
     <span class='ocr_line' id='line_1_14' title="bbox 159 1800 1157 1889; baseline -0.004 -12"><span class='ocrx_word' id='word_1_97' title='bbox 159 1801 296 1877; x_wconf 88' lang='lat' dir='ltr'>Coroll.</span> <span class='ocrx_word' id='word_1_98' title='bbox 312 1824 359 1874; x_wconf 91' lang='lat'>11.</span> <span class='ocrx_word' id='word_1_99' title='bbox 387 1801 601 1874; x_wconf 84' lang='lat' dir='ltr'>Confirsioni</span> <span class='ocrx_word' id='word_1_100' title='bbox 624 1800 722 1889; x_wconf 88' lang='lat' dir='ltr'>huic,</span> <span class='ocrx_word' id='word_1_101' title='bbox 746 1801 822 1876; x_wconf 88' lang='lat' dir='ltr'>sive</span> <span class='ocrx_word' id='word_1_102' title='bbox 848 1824 976 1874; x_wconf 91' lang='lat' dir='ltr'>senum</span> <span class='ocrx_word' id='word_1_103' title='bbox 991 1801 1066 1874; x_wconf 88' lang='lat' dir='ltr'>sive</span> <span class='ocrx_word' id='word_1_104' title='bbox 1083 1800 1157 1875; x_wconf 92' lang='lat' dir='ltr'>lus·</span> 
     </span>
     <span class='ocr_line' id='line_1_15' title="bbox 108 1913 1157 2003; baseline -0.003 -13"><span class='ocrx_word' id='word_1_105' title='bbox 108 1916 308 2003; x_wconf 90' lang='lat' dir='ltr'>ciosorum,</span> <span class='ocrx_word' id='word_1_106' title='bbox 327 1914 530 1988; x_wconf 87' lang='lat' dir='ltr'>remedium</span> <span class='ocrx_word' id='word_1_107' title='bbox 547 1915 706 2000; x_wconf 86' lang='lat' dir='ltr'>afferunt</span> <span class='ocrx_word' id='word_1_108' title='bbox 717 1915 814 1990; x_wconf 88' lang='lat' dir='ltr'>vitra</span> <span class='ocrx_word' id='word_1_109' title='bbox 832 1915 972 1989; x_wconf 88' lang='lat' dir='ltr'>diverse</span> <span class='ocrx_word' id='word_1_110' title='bbox 988 1913 1157 2002; x_wconf 85' lang='lat' dir='ltr'>formata,</span> 
     </span>
     <span class='ocr_line' id='line_1_16' title="bbox 108 2026 1158 2128; baseline -0.002 -26"><span class='ocrx_word' id='word_1_111' title='bbox 108 2040 150 2103; x_wconf 94' lang='lat' dir='ltr'>ut</span> <span class='ocrx_word' id='word_1_112' title='bbox 167 2053 234 2102; x_wconf 91' lang='lat' dir='ltr'>suo</span> <span class='ocrx_word' id='word_1_113' title='bbox 253 2026 336 2101; x_wconf 92' lang='lat' dir='ltr'>loco</span> <span class='ocrx_word' id='word_1_114' title='bbox 363 2027 460 2100; x_wconf 88' lang='lat' dir='ltr'>infra</span> <span class='ocrx_word' id='word_1_115' title='bbox 480 2026 716 2112; x_wconf 88' lang='lat' dir='ltr'>ostendetur;</span> <span class='ocrx_word' id='word_1_116' title='bbox 743 2038 782 2100; x_wconf 85' lang='lat' dir='ltr'>et</span> <span class='ocrx_word' id='word_1_117' title='bbox 799 2027 876 2100; x_wconf 91' lang='lat' dir='ltr'>sine</span> <span class='ocrx_word' id='word_1_118' title='bbox 892 2026 998 2128; x_wconf 84' lang='lat' dir='ltr'>vitris</span> <span class='ocrx_word' id='word_1_119' title='bbox 1022 2027 1158 2100; x_wconf 86' lang='lat' dir='ltr'>lamina</span> 
     </span>
     <span class='ocr_line' id='line_1_17' title="bbox 108 2131 1157 2237; baseline 0 -23"><span class='ocrx_word' id='word_1_120' title='bbox 108 2141 291 2215; x_wconf 86' lang='lat' dir='ltr'>foramine</span> <span class='ocrx_word' id='word_1_121' title='bbox 315 2163 429 2237; x_wconf 87' lang='lat' dir='ltr'>parvo</span> <span class='ocrx_word' id='word_1_122' title='bbox 454 2131 615 2237; x_wconf 84' lang='lat' dir='ltr'>pertusa,</span> <span class='ocrx_word' id='word_1_123' title='bbox 631 2140 691 2214; x_wconf 91' lang='lat' dir='ltr'>vel</span> <span class='ocrx_word' id='word_1_124' title='bbox 704 2140 853 2214; x_wconf 92' lang='lat' dir='ltr'>tubulus</span> <span class='ocrx_word' id='word_1_125' title='bbox 870 2141 1024 2236; x_wconf 88' lang='lat' dir='ltr'>exiguus</span> <span class='ocrx_word' id='word_1_126' title='bbox 1050 2141 1157 2214; x_wconf 92' lang='lat' dir='ltr'>oculo</span> 
     </span>
     <span class='ocr_line' id='line_1_18' title="bbox 109 2253 1156 2352; baseline 0 -24"><span class='ocrx_word' id='word_1_127' title='bbox 109 2255 328 2352; x_wconf 90' lang='lat' dir='ltr'>applicatus,</span> <span class='ocrx_word' id='word_1_128' title='bbox 347 2277 421 2350; x_wconf 91' lang='lat' dir='ltr'>quo</span> <span class='ocrx_word' id='word_1_129' title='bbox 447 2253 542 2327; x_wconf 87' lang='lat' dir='ltr'>radii</span> <span class='ocrx_word' id='word_1_130' title='bbox 568 2253 718 2350; x_wconf 91' lang='lat' dir='ltr'>obliqui,</span> <span class='ocrx_word' id='word_1_131' title='bbox 743 2276 862 2328; x_wconf 82' lang='lat' dir='ltr'>causae</span> <span class='ocrx_word' id='word_1_132' title='bbox 890 2253 999 2350; x_wconf 89' lang='lat' dir='ltr'>hujus</span> <span class='ocrx_word' id='word_1_133' title='bbox 1029 2253 1156 2328; x_wconf 77' lang='lat' dir='ltr'>confrr-</span> 
     </span>
     <span class='ocr_line' id='line_1_19' title="bbox 110 2365 1154 2465; baseline -0.001 -24"><span class='ocrx_word' id='word_1_134' title='bbox 110 2369 235 2457; x_wconf 76' lang='lat' dir='ltr'>sioniS,</span> <span class='ocrx_word' id='word_1_135' title='bbox 259 2367 306 2440; x_wconf 88' lang='lat' dir='ltr'>ab</span> <span class='ocrx_word' id='word_1_136' title='bbox 333 2378 489 2463; x_wconf 87' lang='lat' dir='ltr'>utraque</span> <span class='ocrx_word' id='word_1_137' title='bbox 517 2379 624 2464; x_wconf 86' lang='lat' dir='ltr'>parte</span> <span class='ocrx_word' id='word_1_138' title='bbox 641 2367 719 2440; x_wconf 86' lang='lat' dir='ltr'>axis</span> <span class='ocrx_word' id='word_1_139' title='bbox 742 2367 854 2465; x_wconf 89' lang='lat' dir='ltr'>optici</span> <span class='ocrx_word' id='word_1_140' title='bbox 881 2365 1154 2441; x_wconf 83' lang='lat' dir='ltr'>abscindantur.</span> 
     </span>
     <span class='ocr_line' id='line_1_20' title="bbox 111 2479 1156 2577; baseline 0 -23"><span class='ocrx_word' id='word_1_141' title='bbox 111 2480 224 2555; x_wconf 73' lang='lat' dir='ltr'>Quod</span> <span class='ocrx_word' id='word_1_142' title='bbox 254 2479 457 2555; x_wconf 90' lang='lat' dir='ltr'>remedium</span> <span class='ocrx_word' id='word_1_143' title='bbox 485 2481 631 2577; x_wconf 89' lang='lat' dir='ltr'>utrique</span> <span class='ocrx_word' id='word_1_144' title='bbox 659 2481 760 2572; x_wconf 87' lang='lat' dir='ltr'>vitiu,</span> <span class='ocrx_word' id='word_1_145' title='bbox 784 2490 861 2555; x_wconf 87' lang='lat' dir='ltr'>tam</span> <span class='ocrx_word' id='word_1_146' title='bbox 891 2503 1019 2554; x_wconf 92' lang='lat' dir='ltr'>senum</span> <span class='ocrx_word' id='word_1_147' title='bbox 1045 2504 1156 2577; x_wconf 86' lang='lat' dir='ltr'>quam</span> 
     </span>
     <span class='ocr_line' id='line_1_21' title="bbox 110 2592 813 2685; baseline 0.003 -19"><span class='ocrx_word' id='word_1_148' title='bbox 110 2594 368 2685; x_wconf 89' lang='lat' dir='ltr'>lusciosorum,</span> <span class='ocrx_word' id='word_1_149' title='bbox 385 2592 532 2668; x_wconf 89' lang='lat' dir='ltr'>videtur</span> <span class='ocrx_word' id='word_1_150' title='bbox 549 2619 627 2668; x_wconf 88' lang='lat' dir='ltr'>esse</span> <span class='ocrx_word' id='word_1_151' title='bbox 644 2595 813 2668; x_wconf 49' lang='lat' dir='ltr'>unicum,</span> 
     </span>
    </p>

    <p class='ocr_par' dir='ltr' id='par_1_6' title="bbox 107 2705 1158 3254">
     <span class='ocr_line' id='line_1_22' title="bbox 164 2705 1155 2783; baseline -0.005 0"><span class='ocrx_word' id='word_1_152' title='bbox 164 2706 353 2783; x_wconf 76' lang='lat' dir='ltr'>Quoniam</span> <span class='ocrx_word' id='word_1_153' title='bbox 365 2705 604 2781; x_wconf 88' lang='lat' dir='ltr'>lusciosorum</span> <span class='ocrx_word' id='word_1_154' title='bbox 618 2707 802 2781; x_wconf 87' lang='lat' dir='ltr'>defectum</span> <span class='ocrx_word' id='word_1_155' title='bbox 816 2717 982 2781; x_wconf 88' lang='lat' dir='ltr'>senectus</span> <span class='ocrx_word' id='word_1_156' title='bbox 999 2730 1073 2779; x_wconf 93' lang='lat' dir='ltr'>non</span> <span class='ocrx_word' id='word_1_157' title='bbox 1086 2707 1155 2778; x_wconf 88' lang='lat' dir='ltr'>mi-</span> 
     </span>
     <span class='ocr_line' id='line_1_23' title="bbox 110 2818 1158 2918; baseline -0.001 -25"><span class='ocrx_word' id='word_1_158' title='bbox 110 2821 207 2910; x_wconf 89' lang='lat' dir='ltr'>nuit,</span> <span class='ocrx_word' id='word_1_159' title='bbox 219 2845 295 2894; x_wconf 93' lang='lat' dir='ltr'>non</span> <span class='ocrx_word' id='word_1_160' title='bbox 313 2818 457 2894; x_wconf 92' lang='lat' dir='ltr'>videtur</span> <span class='ocrx_word' id='word_1_161' title='bbox 471 2843 582 2894; x_wconf 91' lang='lat' dir='ltr'>causa</span> <span class='ocrx_word' id='word_1_162' title='bbox 599 2822 677 2918; x_wconf 87' lang='lat' dir='ltr'>ejus</span> <span class='ocrx_word' id='word_1_163' title='bbox 695 2819 892 2895; x_wconf 82' lang='lat' dir='ltr'>consistere</span> <span class='ocrx_word' id='word_1_164' title='bbox 905 2819 944 2893; x_wconf 91' lang='lat' dir='ltr'>in</span> <span class='ocrx_word' id='word_1_165' title='bbox 959 2819 1158 2894; x_wconf 91' lang='lat' dir='ltr'>humorum·</span> 
     </span>
     <span class='ocr_line' id='line_1_24' title="bbox 110 2932 1156 3031; baseline 0 -25"><span class='ocrx_word' id='word_1_166' title='bbox 110 2933 306 3020; x_wconf 89' lang='lat' dir='ltr'>densitate,</span> <span class='ocrx_word' id='word_1_167' title='bbox 325 2932 390 3006; x_wconf 89' lang='lat' dir='ltr'>sed</span> <span class='ocrx_word' id='word_1_168' title='bbox 417 2933 541 3029; x_wconf 90' lang='lat' dir='ltr'>potius</span> <span class='ocrx_word' id='word_1_169' title='bbox 568 2935 607 3008; x_wconf 92' lang='lat' dir='ltr'>in</span> <span class='ocrx_word' id='word_1_170' title='bbox 634 2935 753 3030; x_wconf 86' lang='lat' dir='ltr'>figura</span> <span class='ocrx_word' id='word_1_171' title='bbox 769 2932 971 3031; x_wconf 87' lang='lat' dir='ltr'>crystallini</span> <span class='ocrx_word' id='word_1_172' title='bbox 985 2957 1068 3029; x_wconf 74' lang='lat' dir='ltr'>quaa</span> <span class='ocrx_word' id='word_1_173' title='bbox 1085 2933 1156 3006; x_wconf 94' lang='lat' dir='ltr'>illis</span> 
     </span>
     <span class='ocr_line' id='line_1_25' title="bbox 108 3045 1156 3143; baseline -0.001 -24"><span class='ocrx_word' id='word_1_174' title='bbox 108 3046 221 3120; x_wconf 90' lang='lat' dir='ltr'>nimis</span> <span class='ocrx_word' id='word_1_175' title='bbox 235 3045 388 3143; x_wconf 84' lang='lat' dir='ltr'>gibboso</span> <span class='ocrx_word' id='word_1_176' title='bbox 405 3058 474 3134; x_wconf 89' lang='lat' dir='ltr'>est,</span> <span class='ocrx_word' id='word_1_177' title='bbox 496 3045 555 3119; x_wconf 92' lang='lat' dir='ltr'>vel</span> <span class='ocrx_word' id='word_1_178' title='bbox 572 3046 611 3119; x_wconf 90' lang='lat' dir='ltr'>in</span> <span class='ocrx_word' id='word_1_179' title='bbox 629 3045 804 3120; x_wconf 87' lang='lat' dir='ltr'>distantia</span> <span class='ocrx_word' id='word_1_180' title='bbox 821 3046 934 3120; x_wconf 88' lang='lat' dir='ltr'>nimia</span> <span class='ocrx_word' id='word_1_181' title='bbox 955 3046 1156 3143; x_wconf 87' lang='lat' dir='ltr'>crystallini</span> 
     </span>
     <span class='ocr_line' id='line_1_26' title="bbox 107 3157 1080 3254; baseline -0.002 -20"><span class='ocrx_word' id='word_1_182' title='bbox 107 3186 134 3234; x_wconf 88' lang='lat' dir='ltr'>a</span> <span class='ocrx_word' id='word_1_183' title='bbox 153 3160 283 3249; x_wconf 88' lang='lat' dir='ltr'>retina,</span> <span class='ocrx_word' id='word_1_184' title='bbox 297 3158 377 3232; x_wconf 88' lang='lat' dir='ltr'>aliis</span> <span class='ocrx_word' id='word_1_185' title='bbox 394 3157 541 3254; x_wconf 90' lang='lat' dir='ltr'>quidem</span> <span class='ocrx_word' id='word_1_186' title='bbox 560 3183 603 3232; x_wconf 88' lang='lat' dir='ltr'>ex</span> <span class='ocrx_word' id='word_1_187' title='bbox 621 3159 703 3248; x_wconf 90' lang='lat' dir='ltr'>bac,</span> <span class='ocrx_word' id='word_1_188' title='bbox 720 3159 800 3233; x_wconf 88' lang='lat' dir='ltr'>aliis</span> <span class='ocrx_word' id='word_1_189' title='bbox 817 3183 862 3232; x_wconf 83' lang='lat' dir='ltr'>ex</span> <span class='ocrx_word' id='word_1_190' title='bbox 880 3158 942 3232; x_wconf 88' lang='lat' dir='ltr'>illa</span> <span class='ocrx_word' id='word_1_191' title='bbox 959 3181 1080 3232; x_wconf 90' lang='lat' dir='ltr'>causa.</span> 
     </span>
    </p>

    <p class='ocr_par' dir='ltr' id='par_1_7' title="bbox 105 3271 1157 3935">
     <span class='ocr_line' id='line_1_27' title="bbox 166 3271 1156 3371; baseline 0 -25"><span class='ocrx_word' id='word_1_192' title='bbox 166 3272 301 3346; x_wconf 86' lang='lat' dir='ltr'>Coroll.</span> <span class='ocrx_word' id='word_1_193' title='bbox 317 3293 382 3344; x_wconf 90' lang='lat'>111.</span> <span class='ocrx_word' id='word_1_194' title='bbox 409 3271 649 3346; x_wconf 87' lang='lat' dir='ltr'>Manifestum</span> <span class='ocrx_word' id='word_1_195' title='bbox 669 3296 713 3346; x_wconf 84' lang='lat' dir='ltr'>ex</span> <span class='ocrx_word' id='word_1_196' title='bbox 736 3283 822 3346; x_wconf 88' lang='lat' dir='ltr'>ante</span> <span class='ocrx_word' id='word_1_197' title='bbox 840 3271 948 3346; x_wconf 86' lang='lat' dir='ltr'>dictis</span> <span class='ocrx_word' id='word_1_198' title='bbox 962 3283 1029 3361; x_wconf 90' lang='lat' dir='ltr'>est,</span> <span class='ocrx_word' id='word_1_199' title='bbox 1044 3295 1156 3371; x_wconf 87' lang='lat' dir='ltr'>quare</span> 
     </span>
     <span class='ocr_line' id='line_1_28' title="bbox 106 3383 1157 3484; baseline -0.002 -24"><span class='ocrx_word' id='word_1_200' title='bbox 106 3385 211 3484; x_wconf 86' lang='lat' dir='ltr'>ignis</span> <span class='ocrx_word' id='word_1_201' title='bbox 225 3383 431 3458; x_wconf 68' lang='lat' dir='ltr'>scintillulae</span> <span class='ocrx_word' id='word_1_202' title='bbox 458 3394 496 3457; x_wconf 92' lang='lat' dir='ltr'>et</span> <span class='ocrx_word' id='word_1_203' title='bbox 522 3385 637 3458; x_wconf 85' lang='lat' dir='ltr'>stellae</span> <span class='ocrx_word' id='word_1_204' title='bbox 662 3385 746 3459; x_wconf 83' lang='lat' dir='ltr'>fixae</span> <span class='ocrx_word' id='word_1_205' title='bbox 777 3385 881 3482; x_wconf 90' lang='lat' dir='ltr'>quasi</span> <span class='ocrx_word' id='word_1_206' title='bbox 908 3395 1062 3458; x_wconf 78' lang='lat' dir='ltr'>comata</span> <span class='ocrx_word' id='word_1_207' title='bbox 1080 3385 1157 3459; x_wconf 88' lang='lat' dir='ltr'>sive</span> 
     </span>
     <span class='ocr_line' id='line_1_29' title="bbox 107 3497 1155 3596; baseline -0.003 -23"><span class='ocrx_word' id='word_1_208' title='bbox 107 3499 258 3573; x_wconf 84' lang='lat' dir='ltr'>orinitae</span> <span class='ocrx_word' id='word_1_209' title='bbox 274 3508 464 3596; x_wconf 87' lang='lat' dir='ltr'>apparent.</span> <span class='ocrx_word' id='word_1_210' title='bbox 520 3498 617 3572; x_wconf 88' lang='lat' dir='ltr'>Nam</span> <span class='ocrx_word' id='word_1_211' title='bbox 635 3497 707 3573; x_wconf 85' lang='lat' dir='ltr'>illae</span> <span class='ocrx_word' id='word_1_212' title='bbox 727 3511 879 3596; x_wconf 91' lang='lat' dir='ltr'>propter</span> <span class='ocrx_word' id='word_1_213' title='bbox 906 3497 1155 3595; x_wconf 80' lang='lat' dir='ltr'>exiguitatem,</span> 
     </span>
     <span class='ocr_line' id='line_1_30' title="bbox 105 3611 1157 3709; baseline -0.002 -21"><span class='ocrx_word' id='word_1_214' title='bbox 105 3615 176 3688; x_wconf 88' lang='lat' dir='ltr'>hae</span> <span class='ocrx_word' id='word_1_215' title='bbox 206 3625 355 3709; x_wconf 89' lang='lat' dir='ltr'>propter</span> <span class='ocrx_word' id='word_1_216' title='bbox 380 3611 568 3708; x_wconf 86' lang='lat' dir='ltr'>ingentem</span> <span class='ocrx_word' id='word_1_217' title='bbox 586 3611 809 3700; x_wconf 89' lang='lat' dir='ltr'>distantiam,</span> <span class='ocrx_word' id='word_1_218' title='bbox 838 3612 1012 3686; x_wconf 89' lang='lat' dir='ltr'>emittunt</span> <span class='ocrx_word' id='word_1_219' title='bbox 1036 3612 1157 3686; x_wconf 87' lang='lat' dir='ltr'>radios</span> 
     </span>
     <span class='ocr_line' id='line_1_31' title="bbox 106 3724 1157 3822; baseline -0.004 -21"><span class='ocrx_word' id='word_1_220' title='bbox 106 3730 151 3801; x_wconf 91' lang='lat' dir='ltr'>in</span> <span class='ocrx_word' id='word_1_221' title='bbox 173 3726 319 3798; x_wconf 90' lang='lat' dir='ltr'>oculum</span> <span class='ocrx_word' id='word_1_222' title='bbox 337 3725 404 3798; x_wconf 92' lang='lat' dir='ltr'>sub</span> <span class='ocrx_word' id='word_1_223' title='bbox 415 3726 549 3822; x_wconf 84' lang='lat' dir='ltr'>angulo</span> <span class='ocrx_word' id='word_1_224' title='bbox 563 3725 786 3812; x_wconf 86' lang='lat' dir='ltr'>insensibili;</span> <span class='ocrx_word' id='word_1_225' title='bbox 813 3724 967 3822; x_wconf 90' lang='lat' dir='ltr'>ideoque</span> <span class='ocrx_word' id='word_1_226' title='bbox 980 3735 1157 3822; x_wconf 86' lang='lat' dir='ltr'>tanquam</span> 
     </span>
     <span class='ocr_line' id='line_1_32' title="bbox 105 3837 1155 3935; baseline -0.004 -20"><span class='ocrx_word' id='word_1_227' title='bbox 105 3837 274 3914; x_wconf 89' lang='lat' dir='ltr'>totidem</span> <span class='ocrx_word' id='word_1_228' title='bbox 290 3850 430 3934; x_wconf 89' lang='lat' dir='ltr'>puncta</span> <span class='ocrx_word' id='word_1_229' title='bbox 455 3849 633 3934; x_wconf 90' lang='lat' dir='ltr'>apparent</span> <span class='ocrx_word' id='word_1_230' title='bbox 651 3838 885 3935; x_wconf 86' lang='lat' dir='ltr'>undiquaque</span> <span class='ocrx_word' id='word_1_231' title='bbox 902 3837 1155 3935; x_wconf 89' lang='lat' dir='ltr'>multiplicata.</span> 
     </span>
    </p>
   </div>
   <div class='ocr_carea' id='block_1_5' title="bbox 1197 624 1339 660">
    <p class='ocr_par' dir='ltr' id='par_1_8' title="bbox 1197 624 1339 660">
     <span class='ocr_line' id='line_1_33' title="bbox 1197 624 1339 660; baseline 0.028 -4"><span class='ocrx_word' id='word_1_232' title='bbox 1197 624 1339 660; x_wconf 49' lang='lat' dir='ltr'>u-r-ae</span> 
     </span>
    </p>
   </div>
   <div class='ocr_carea' id='block_1_6' title="bbox 167 3950 1352 4048">
    <p class='ocr_par' dir='ltr' id='par_1_9' title="bbox 167 3950 1352 4048">
     <span class='ocr_line' id='line_1_34' title="bbox 167 3950 1352 4048; baseline -0.003 -24"><span class='ocrx_word' id='word_1_233' title='bbox 167 3951 378 4024; x_wconf 77' lang='lat' dir='ltr'>Constituto</span> <span class='ocrx_word' id='word_1_234' title='bbox 404 3950 502 4024; x_wconf 90' lang='lat' dir='ltr'>linea</span> <span class='ocrx_word' id='word_1_235' title='bbox 531 3951 670 4039; x_wconf 89' lang='lat' dir='ltr'>visuali,</span> <span class='ocrx_word' id='word_1_236' title='bbox 701 3960 738 4024; x_wconf 91' lang='lat' dir='ltr'>et</span> <span class='ocrx_word' id='word_1_237' title='bbox 765 3975 847 4048; x_wconf 82' lang='lat' dir='ltr'>quae</span> <span class='ocrx_word' id='word_1_238' title='bbox 876 3951 962 4026; x_wconf 91' lang='lat' dir='ltr'>inde</span> <span class='ocrx_word' id='word_1_239' title='bbox 988 3951 1156 4024; x_wconf 92' lang='lat' dir='ltr'>criuntur</span> <span class='ocrx_word' id='word_1_240' title='bbox 1169 3961 1338 4020; x_wconf 60' lang='lat' dir='ltr'>newenton</span> <span class='ocrx_word' id='word_1_241' title='bbox 1340 3977 1352 4008; x_wconf 79' lang='lat' dir='ltr'>e</span> 
     </span>
    </p>
   </div>
   <div class='ocr_carea' id='block_1_7' title="bbox 103 4062 1158 4274">
    <p class='ocr_par' dir='ltr' id='par_1_10' title="bbox 103 4062 1158 4274">
     <span class='ocr_line' id='line_1_35' title="bbox 103 4062 1156 4166; baseline -0.003 -26"><span class='ocrx_word' id='word_1_242' title='bbox 103 4063 377 4166; x_wconf 87' lang='lat' dir='ltr'>phaenomenis‚</span> <span class='ocrx_word' id='word_1_243' title='bbox 401 4062 601 4137; x_wconf 90' lang='lat' dir='ltr'>dicemus</span> <span class='ocrx_word' id='word_1_244' title='bbox 587 4087 665 4160; x_wconf 84' lang='lat' dir='ltr'>Jam</span> <span class='ocrx_word' id='word_1_245' title='bbox 690 4064 746 4136; x_wconf 91' lang='lat' dir='ltr'>de</span> <span class='ocrx_word' id='word_1_246' title='bbox 762 4065 998 4161; x_wconf 89' lang='lat' dir='ltr'>perceptione</span> <span class='ocrx_word' id='word_1_247' title='bbox 1025 4075 1156 4138; x_wconf 91' lang='lat' dir='ltr'>motus.</span> 
     </span>
     <span class='ocr_line' id='line_1_36' title="bbox 105 4175 1158 4274; baseline -0.006 -18"><span class='ocrx_word' id='word_1_248' title='bbox 105 4176 316 4256; x_wconf 85' lang='lat' dir='ltr'>Sciendum</span> <span class='ocrx_word' id='word_1_249' title='bbox 346 4175 459 4273; x_wconf 84' lang='lat' dir='ltr'>igitur</span> <span class='ocrx_word' id='word_1_250' title='bbox 476 4189 543 4268; x_wconf 91' lang='lat' dir='ltr'>est,</span> <span class='ocrx_word' id='word_1_251' title='bbox 571 4178 671 4274; x_wconf 92' lang='lat' dir='ltr'>quod</span> <span class='ocrx_word' id='word_1_252' title='bbox 695 4188 796 4252; x_wconf 91' lang='lat' dir='ltr'>moto</span> <span class='ocrx_word' id='word_1_253' title='bbox 821 4188 907 4252; x_wconf 90' lang='lat' dir='ltr'>ante</span> <span class='ocrx_word' id='word_1_254' title='bbox 924 4178 1071 4251; x_wconf 90' lang='lat' dir='ltr'>oculum</span> <span class='ocrx_word' id='word_1_255' title='bbox 1096 4178 1158 4250; x_wconf 90' lang='lat' dir='ltr'>ob-</span> 
     </span>
    </p>
   </div>
   <div class='ocr_carea' id='block_1_8' title="bbox 0 0 1452 4914">
    <p class='ocr_par' dir='ltr' id='par_1_11' title="bbox 0 0 1452 4914">
     <span class='ocr_line' id='line_1_37' title="bbox 0 0 1452 4914; baseline 0 0"><span class='ocrx_word' id='word_1_256' title='bbox 0 0 1452 4914; x_wconf 95' lang='lat' dir='ltr'> </span> 
     </span>
    </p>
   </div>
  </div>
 </body>
</html>
