2918 4912
138 301 408 359 couraasrro
423 301 665 358 sancrnauu
684 299 820 354 raruu
836 299 1060 354 crvrrsrrs.
1087 281 1160 362 267

112 485 192 546 tum
209 495 234 546 a
250 471 330 546 Deo
347 470 387 544 in
403 469 591 544 creatione
609 466 882 543 monarchianos
898 467 1033 552 fuerit;
1060 464 1162 564 quod
1191 501 1289 554 sace,
1303 499 1355 554 111,

110 584 294 682 regimina
317 591 452 656 caetera
469 605 515 656 ex
531 579 758 655 monarchias
787 603 854 678 per
871 580 1070 655 seditiones
1088 579 1162 654 dis-
1202 579 1346 684 ss

103 699 243 772 solutae
260 694 455 770 ruderibus
472 694 629 768 artificio
650 685 860 768 hominum*
877 705 962 791 post
979 692 1162 792 congluti-

111 810 309 894 natasint3
328 807 500 906 quodque
512 807 669 904 populus
680 807 750 880 Dei
762 807 829 880 sub
843 807 992 904 regibus
1001 807 1160 894 fuerint3

102 945 338 1022 ¹quamquam
381 921 635 996 awaarclu'am
669 918 1022 995 commendatiorem
1055 921 1162 994 nobis

112 1039 323 1127 exhibeant,
342 1046 467 1108 tamen
495 1034 582 1131 quia
607 1033 648 1109 id
670 1057 747 1108 non
770 1033 985 1124 rationibus,
1012 1032 1078 1108 sed
1099 1057 1163 1106 ex-

111 1150 243 1248 emplis
261 1161 300 1223 et
316 1148 535 1222 testimoniis
551 1145 704 1236 faciunt,
723 1145 945 1222 omittemus.
1386 1233 1388 1242 Α

162 1273 199 1337 4.
229 1263 325 1336 Sunt
342 1260 476 1357 quibus
493 1260 601 1334 unius
619 1259 785 1356 regimen
802 1283 846 1332 eo
869 1259 1018 1335 nomine
1036 1257 1163 1355 displi-
1176 1277 1283 1338 mama
1293 1281 1361 1324 aaa

1175 1358 1363 1390 [mmmm-

112 1389 185 1466 cet,
203 1375 293 1473 qnia
309 1372 416 1448 unius
434 1384 512 1458 est;
539 1373 645 1470 quasi
667 1371 836 1469 iniquum
852 1386 949 1448 esset
971 1371 1069 1447 inter
1085 1384 1163 1448 tam
1175 1409 1234 1518 Ἢ
1253 1409 1361 1532 mapa,

1174 1487 1204 1534 qu
1243 1488 1302 1518 unul
1336 1487 1362 1518 ΙῑΙ

112 1491 249 1564 multos
266 1497 373 1562 tanta
396 1494 580 1582 potestate
603 1485 765 1560 eminere
793 1511 902 1560 uuum
930 1485 1102 1584 aliquem,
1120 1497 1163 1560 ut
1175 1539 1244 1597 lm,
1270 1540 1356 1586 m

112 1602 268 1678 arbitrio
296 1624 363 1674 suo
392 1599 511 1696 possit
538 1599 583 1672 de
611 1599 755 1674 caeteris
784 1599 954 1673 omnibus
987 1605 1284 1673 statuere.oumibus

114 1717 166 1790 Hi
196 1737 284 1788 saue
313 1713 528 1788 subtrahere
555 1736 594 1786 se
622 1714 668 1786 ab
698 1711 852 1809 imperio
881 1712 990 1786 unius
1021 1712 1102 1803 Dei,
1133 1712 1165 1786 si

111 1840 277 1927 possent,
303 1827 452 1900 vellent.
506 1826 579 1900 Sed
613 1827 868 1922 exceptionem
901 1827 997 1900 hanc
1032 1837 1165 1900 contra

112 1967 222 2016 uuum
252 1939 419 2037 suggerit
443 1939 592 2028 invidia,
617 1939 706 2012 dum
732 1938 860 2014 vident
888 1962 1004 2014 unum
1027 1939 1164 2014 habere

113 2055 214 2151 quod
227 2077 354 2128 omnes
372 2053 537 2150 cupiunt.
575 2052 678 2127 Idem
695 2052 863 2149 iniquum
880 2077 958 2127 esse
973 2063 1165 2128 censerent

114 2168 244 2244 eadem
270 2165 427 2253 ratione,
454 2167 486 2240 si
505 2166 628 2265 pauci
657 2165 894 2264 imperarent,
913 2166 986 2241 nisi
1009 2167 1080 2265 ipsi
1106 2166 1165 2241 vel

114 2292 238 2354 essent
255 2278 315 2352 vel
332 2301 412 2352 esse
440 2289 632 2375 sperarent
649 2301 695 2350 ex
712 2301 841 2352 eorum
858 2302 1023 2354 numero.
1068 2279 1167 2352 Nam

115 2395 145 2468 si
162 2394 334 2489 iniquum
352 2391 399 2464 sit
409 2415 484 2465 nou
495 2415 575 2466 esse
581 2392 642 2488 jus
653 2391 794 2488 {equale
805 2391 987 2484 omnibus,
998 2393 1166 2489 iniquum

114 2508 226 2582 etiam
252 2517 309 2580 est
341 2505 507 2601 regimen
541 2504 773 2600 optimatum.
828 2504 1014 2580 Quoniam
1042 2518 1165 2581 autem

114 2630 306 2694 ostensum
329 2628 397 2708 est,
417 2627 555 2692 statum
575 2617 794 2714 aequalitatis
812 2641 892 2692 esse
911 2631 1049 2694 statum
1065 2621 1165 2712 belli,

113 2734 273 2827 ideoque
290 2729 579 2826 inequalitatem
597 2729 848 2804 introductam
876 2755 956 2806 esse
984 2757 1166 2807 consensu

112 2845 304 2929 omnium;
330 2842 559 2939 inaequalitas
577 2843 640 2918 illa
655 2867 732 2918 non
749 2856 807 2920 est
824 2846 980 2942 amplius
997 2845 1167 2920 habenda

160 3097 178 3131 ²*
192 3089 331 3172 Arh'ficr'o
358 3092 502 3150 hminum
529 3091 726 3169 conplutimto
753 3095 819 3164 aul,
845 3095 916 3171 etc]
941 3095 1084 3155 Videntur
1109 3097 1168 3156 huc

116 3194 263 3264 spectasse
276 3185 396 3262 antiqui,
410 3185 461 3261 qui
481 3183 610 3242 fabulam
623 3185 707 3243 uobis
720 3185 923 3246 confinxerunt
935 3189 971 3248 de
986 3189 1170 3250 Prometheo.

114 3279 244 3338 Narrant
266 3276 479 3346 Prometheum,
496 3284 629 3353 surrepto
642 3296 660 3335 a
673 3277 732 3336 sole
746 3278 822 3356 igne,
836 3297 872 3338 ex
886 3279 947 3340 luto
962 3281 1063 3340 secisse
1076 3283 1169 3340 homi·

113 3391 202 3429 nem:
223 3377 311 3446 atque
329 3370 368 3428 ob
382 3367 411 3426 id
425 3368 535 3427 lactum
553 3376 694 3446 perpetua
708 3368 816 3447 jecoris
829 3370 1002 3432 laceratione
1015 3375 1088 3433 irato
1101 3375 1170 3434 Jovi

114 3463 228 3522 dedisse
249 3479 357 3538 poenas.
397 3459 466 3518 Hoc
487 3469 538 3530 est,
553 3461 668 3538 ingenio
692 3462 827 3532 humano,
842 3464 872 3521 id
894 3465 973 3542 quod
991 3465 1171 3543 significatur

114 3575 165 3632 per
184 3555 400 3623 Prometheum,
415 3553 492 3632 leges
506 3561 536 3612 et
543 3553 716 3631 justitiama
734 3557 902 3615 monarchia
914 3577 967 3635 per
980 3559 1169 3619 imitationem

113 3655 223 3706 sumtus
237 3663 307 3715 esse,
328 3663 451 3722 quarum
465 3645 502 3715 vi,
517 3653 655 3722 tanquam
677 3646 744 3725 igue
767 3666 785 3706 a
806 3647 887 3708 fonte
905 3669 958 3709 suo
971 3652 1095 3710 naturali
1107 3671 1169 3710 sur·

113 3748 208 3816 repta,
222 3736 386 3806 multitudo,
400 3738 484 3815 quasi
496 3737 589 3796 lutum
600 3747 629 3796 et
639 3737 696 3796 laex
707 3740 865 3822 hominum,
877 3742 906 3800 in
918 3762 1005 3802 unam
1018 3762 1169 3820 personam

114 3833 229 3890 civilem
244 3831 370 3888 animata
387 3838 417 3888 et
436 3829 561 3888 conflata
581 3838 632 3899 est,
647 3849 712 3908 quse
733 3833 911 3892 aristocratia
930 3835 975 3893 vel
996 3836 1171 3894 democratia

113 3923 285 4000 appellatur.
323 3915 438 3980 lavanti
462 3928 559 3979 autern
577 3922 711 3980 authores
732 3931 761 3981 et
774 3923 908 3995 lautores,
920 3927 970 4002 qui
990 3944 1057 3985 cum
1070 3946 1170 3986 secure

118 4022 208 4091 atque
223 4015 314 4072 otiose
328 4013 383 4072 sub
405 4013 525 4090 imperio
550 4032 651 4092 regum
665 4015 788 4074 naturali
801 4017 897 4076 vivere
909 4019 1077 4094 potuissent,
1095 4021 1170 4080 hanc

115 4125 232 4182 poenam
246 4107 326 4174 dant,
341 4113 373 4164 ut
393 4105 540 4182 perpetuis
562 4107 639 4166 curis
660 4109 871 4184 suspicionibus
890 4111 1169 4192 dissensionibusque

116 4199 174 4258 alto
188 4199 254 4260 loco
267 4198 390 4276 expositi
404 4198 579 4258 crucientur.
1046 4211 1048 4218 ’
