2912 4912
298 285 368 365 176
685 267 687 271 ’
720 308 935 360 manantis.

93 499 189 551 sacr.
205 503 257 554 nr.
293 485 393 547 tum:
433 473 506 548 hoc
532 473 632 547 enim
662 475 792 564 solum,
824 500 899 548 non
927 498 986 548 res
1013 476 1100 572 ipsae
1135 478 1176 551 in
1209 490 1339 553 nostra

107 578 245 683 ᾧ,
291 597 474 683 potestate
491 599 589 660 sunt.
1332 657 1336 664 .

79 716 247 794 Quipusoodis
348 710 404 774 15.
432 701 554 774 Paetis
581 701 779 775 liberamur
796 702 936 776 duabus
959 704 1081 794 rebus,
1098 705 1158 778 vel
1185 706 1217 779 si
1242 730 1338 803 prae-
1447 715 1451 741 ·'

77 782 280 839 mhm'
293 814 433 904 stitum,
450 815 509 886 vel
526 814 558 887 si
575 814 823 889 condonatum
841 815 901 889 sit.
936 817 976 889 Si
992 819 1223 913 praestitum3
1251 822 1339 916 quia

291 928 389 1001 ultra
418 928 459 1001 id
488 951 556 1002 nos
585 953 662 1003 non
687 930 940 1026 obligavimus,
994 932 1033 1005 Si
1062 932 1336 1018 condonatum

291 1043 379 1138 quia
407 1042 438 1114 is
455 1041 516 1115 cui
533 1041 751 1139 obligamur,
770 1043 1015 1117 condonando
1039 1044 1260 1143 intelligitur
1281 1048 1338 1120 fa-

291 1179 386 1245 cere,
416 1167 460 1228 ut
473 1157 542 1250 jas
569 1180 592 1228 a
619 1156 727 1228 nobis
754 1157 793 1228 in
820 1180 905 1228 eum
931 1157 1162 1246 translatum,
1191 1160 1241 1232 ad
1267 1185 1337 1234 uos

291 1267 411 1342 denuo
438 1268 592 1341 redeat:
619 1279 678 1342 est
702 1269 802 1341 enim
826 1269 1060 1358 condonatio,
1079 1271 1247 1360 donatio,
1264 1274 1337 1348 hoc

289 1393 358 1472 est,
375 1406 442 1478 per
458 1382 657 1456 articulum
674 1391 711 1472 4,
736 1382 867 1478 capitis
892 1384 1015 1479 hujus,
1029 1384 1123 1479 juris
1141 1387 1336 1461 translatio

288 1494 337 1567 111
353 1519 437 1568 eum
455 1494 515 1568 cui
533 1494 684 1567 donatio
700 1494 801 1567 faeta
817 1505 884 1568 est.

77 1633 257 1678 ramasses
342 1616 398 1680 16.
427 1607 553 1682 Quaeri
571 1607 664 1680 solet
687 1632 736 1680 an
763 1620 875 1703 pacta
902 1632 947 1680 ea
974 1632 1057 1703 quae
1082 1619 1185 1682 metu
1209 1621 1336 1684 extor-

76 1700 265 1809 fflmffi
289 1732 459 1817 quentur,
478 1721 698 1817 obligatoria
715 1721 802 1810 sint,
819 1745 948 1793 11111.
974 1721 1145 1818 Exempli
1162 1748 1286 1815 causa,
1304 1727 1337 1798 si

75 1828 266 1874 ”imm
287 1835 337 1907 ad
366 1835 481 1908 vitam
510 1859 534 1906 a
559 1835 703 1907 latrone
725 1833 990 1924 redimendam,
1003 1844 1146 1931 pactus
1171 1837 1206 1909 ei
1228 1837 1335 1911 fuero

287 1947 509 2020 traditurum
526 1970 586 2019 me
603 1946 657 2020 illi
683 1946 783 2018 mille
808 1969 939 2019 aureos
956 1957 1104 2042 postero
1123 1948 1195 2039 die,
1214 1973 1335 2046 neque

188 2151 191 2158 ,
287 2060 472 2134 facturum
489 2061 686 2158 quicquam
712 2083 785 2154 quo
803 2059 1088 2154 comprehensus
1105 2061 1145 2134 in
1168 2063 1230 2158 jus
1248 2063 1337 2136 duci

286 2174 414 2269 possit,
443 2184 570 2246 utrum
603 2185 732 2245 tenear
762 2197 892 2246 necne.
945 2173 1180 2270 Quamquam
1208 2189 1336 2250 autem

287 2286 485 2383 aliquando
509 2296 665 2384 paetum
683 2286 863 2383 ejusmodi
889 2284 1092 2360 invalidum
1109 2291 1252 2363 censeri
1270 2290 1336 2364 de·
1450 2348 1452 2357 .

285 2400 384 2490 beat,
401 2423 477 2474 non
493 2410 619 2473 tamen
636 2425 680 2473 eo
706 2400 855 2472 nomine
872 2400 1074 2473 invalidum
1091 2402 1174 2492 erit,
1193 2403 1336 2499 quoda

286 2523 389 2586 metu
405 2514 627 2609 processerit
641 2545 651 2598 ;
677 2523 874 2609 propterea
891 2513 992 2608 quod
1009 2512 1095 2586 inde
1114 2528 1335 2611 sequeretur

279 2637 402 2724 pacto
420 2649 475 2718 ea,
493 2628 625 2722 quibus
641 2625 681 2699 in
697 2625 811 2699 vitam
829 2626 973 2699 civilem
992 2627 1160 2701 homines
1177 2653 1337 2727 congre-

285 2751 423 2836 gantur
444 2751 483 2815 et
506 2741 606 2837 leges
634 2739 811 2829 condunt,
838 2739 1000 2812 invalida
1017 2765 1117 2814 esse:
1147 2742 1335 2838 (procedit

285 2855 386 2928 enim
403 2879 426 2927 a
441 2864 543 2927 metu
560 2865 698 2926 mutuae
716 2853 840 2943 caedis,
858 2853 958 2950 quod
984 2854 1078 2927 alter
1104 2855 1256 2928 alterius
1274 2881 1334 2930 re-

286 2967 416 3064 gimini
451 2991 489 3040 se
524 2967 717 3048 submittat
732 2967 757 3061 ι)
794 2989 914 3062 neque
948 2991 1034 3040 cum
1066 2967 1211 3041 ratione
1246 2993 1333 3044 eum

285 3078 419 3167 facere,
438 3079 502 3174 qui
514 3078 672 3174 captive,
679 3077 897 3177 paciscenti
915 3079 1074 3173 pretium
1090 3078 1333 3156 redemtionis

285 3192 491 3287 suaevfidem
507 3191 669 3265 adhibet.
722 3189 987 3264 Universaliter
1009 3215 1138 3265 verum
1162 3204 1218 3266 est
1239 3195 1332 3268 obli-

283 3329 374 3402 gare
398 3318 520 3402 pacta,
538 3305 686 3402 quando
714 3315 907 3399 acceptum
931 3317 987 3378 est
1013 3306 1163 3396 bonurn,
1181 3317 1220 3380 et
1242 3333 1331 3405 pro-

285 3418 445 3510 mittere,
458 3429 497 3492 et
512 3418 552 3491 id
566 3418 667 3514 quod
679 3417 907 3514 promittitur
917 3418 1060 3491 licitum
1073 3431 1142 3492 est.
1157 3420 1331 3495 Ι11111111

283 3541 409 3606 antem
426 3545 483 3605 est
500 3541 539 3604 et
554 3531 603 3605 ad
628 3530 881 3604 redimendam
903 3531 1019 3606 vitam
1043 3533 1274 3628 promittere,
1293 3545 1332 3609 et

282 3645 332 3719 de
348 3669 431 3718 meo
458 3645 545 3718 dare
571 3644 747 3741 quioquid
761 3644 913 3719 voluero
941 3646 1124 3742 cuiquam,
1144 3647 1258 3721 etiam
1274 3649 1330 3722 la-

285 3759 396 3834 troni.
448 3759 664 3855 Obligamur
693 3782 781 3854 ergo
810 3759 929 3854 pactis
959 3769 1109 3833 111111
1138 3761 1327 3856 profectis,

185 3925 190 3933 ·
283 3873 355 3946 nisi
372 3873 432 3946 lex
448 3872 565 3945 civilis
582 3872 707 3968 aliqua
721 3872 926 3968 prohibeat,
949 3896 1017 3970 per
1034 3896 1145 3970 quam
1170 3874 1210 3949 id
1228 3875 1328 3972 quod

280 3985 513 4084 promittitur
529 3985 595 4058 fiat
610 3984 790 4058 illicitum.

339 4102 395 4182 17.
424 4098 499 4174 Qui
525 4099 590 4171 uni
606 4097 791 4172 facturum
809 4121 847 4171 se
871 4098 930 4170 vel
949 4099 1170 4174 omissmum
1187 4099 1326 4198 aliquid
