2904 4916
276 267 348 346 276
683 286 912 338 manarum.

85 486 181 536 sm,
202 486 254 534 111,
278 450 496 524 monarchia
503 477 517 534 ,·
535 473 603 523 nec
614 451 713 523 enim
723 450 831 525 aliter
841 439 922 524 fieri
934 451 1041 525 facile
1051 459 1187 547 potest.
1225 449 1332 522 Nihil

95 563 238 668 ᾧ
280 564 380 636 enim
395 572 451 636 est
467 574 619 658 propter
636 564 735 658 quod
751 588 826 637 non
849 564 954 637 malit
972 565 1166 660 quisquam
1183 562 1243 635 rei
1255 561 1333 660 fa-

279 675 424 749 miliari
452 675 708 772 potiusquam
728 676 898 774 publica
915 701 1058 767 vacare,
1081 688 1332 772 praeterquam

280 788 380 886 quod
409 788 534 861 locum
562 812 641 861 esse
662 788 764 862 videt
793 789 976 865 facundiae
1006 813 1094 877 suae,
1112 813 1186 884 qua
1212 788 1334 884 possit

279 901 419 999 ingenii
446 909 483 973 et
506 902 712 997 prudentiae
736 902 1045 975 existimationem
1071 902 1276 997 acquirere,
1295 909 1332 973 et

280 1014 432 1087 domum
446 1036 613 1087 reversus
631 1015 730 1110 apud
742 1015 891 1104 amicos,
909 1029 1093 1111 parentes
1110 1037 1331 1110 uxoresque,

281 1151 322 1200 re
338 1126 434 1198 bene
452 1137 568 1222 gesta,
586 1128 838 1223 triumphare;
866 1129 963 1202 sicut
990 1130 1077 1202 olim
1106 1129 1238 1201 Marco
1262 1128 1332 1200 Co-

282 1240 424 1312 riolano
443 1240 562 1313 omnis
580 1265 602 1312 a
621 1240 730 1313 factis
752 1241 892 1314 bellicis
911 1242 1124 1338 jucunditas
1142 1242 1182 1314 in
1199 1265 1246 1314 eo
1264 1241 1334 1314 sita

282 1365 376 1442 erat,
389 1352 489 1447 quod
500 1352 644 1425 videret
658 1352 785 1427 laudes
801 1378 884 1427 suas
897 1355 1043 1450 placere
1054 1355 1175 1427 matri.
1222 1355 1333 1429 Quod

283 1468 314 1540 si
331 1467 370 1539 in
384 1467 620 1540 democratia
638 1466 806 1565 papulas·
824 1468 1103 1542 deliberationes
1117 1469 1162 1541 de
1179 1467 1279 1540 bello
1297 1478 1334 1541 et

145 1569 148 1575 ’
282 1602 373 1675 pace
401 1590 439 1653 et
467 1579 513 1651 de
533 1579 676 1674 legibus
706 1579 868 1654 ferendis
895 1581 943 1654 ad
973 1605 1089 1654 unum
1112 1592 1263 1654 tantum
1277 1580 1334 1654 vel

282 1691 390 1765 valde
407 1715 543 1788 paucos
567 1691 710 1765 deferre
727 1692 850 1782 vellet,
869 1703 1065 1767 contentus
1080 1694 1335 1766 nominatione

283 1805 566 1902 magistratuum
583 1814 621 1877 et
638 1805 891 1878 ministrorum
915 1806 1158 1901 publicorum,
1176 1806 1252 1880 hoc
1268 1820 1335 1896 est,

284 1919 508 1992 authoritate
536 1919 615 1992 sine
642 1917 857 2009 ministerio,
874 1930 963 1991 tunc
985 1919 1178 1993 fatendum
1196 1931 1256 1993 est
1272 1921 1336 1994 dr-

285 2033 506 2105 macratiam
524 2043 562 2104 et
579 2033 832 2105 monarchiam
848 2032 968 2104 bacin
984 2056 1024 2104 re
1042 2034 1203 2129 aequales
1219 2034 1310 2107 fore.

132 2171 275 2249 ¹95⁰¹¹¹3¹¹⁰³⁸
341 2154 397 2217 16.
425 2145 555 2240 Neque
574 2144 768 2217 commoda
782 2145 1098 2235 velincommoda,
1118 2170 1203 2242 quae
1220 2147 1339 2244 magis
1444 2247 1445 2250 Ἴ

131 2241 274 2360 QZ&
286 2259 325 2331 in
343 2282 418 2330 una
436 2281 547 2352 quam
564 2257 603 2330 in
620 2258 692 2330 alia
710 2258 869 2331 civitatis
886 2259 1007 2354 speeie
1024 2260 1275 2356 reperiuntur,
1293 2286 1339 2334 ex

288 2395 331 2444 eo
361 2370 580 2466 procedunt,
607 2372 708 2468 quod
737 2372 858 2468 ipsum
883 2373 1078 2469 imperium
1104 2397 1170 2446 seu
1195 2374 1341 2471 imperii

287 2486 438 2582 negotia
465 2484 756 2558 administranda
780 2486 910 2558 melius
932 2486 997 2558 uni
1024 2511 1135 2582 quam
1157 2487 1341 2582 pluribus

288 2600 346 2674 vel
357 2610 488 2673 contra
496 2598 662 2694 pluribus
674 2623 785 2694 quam
794 2592 1028 2695 paucioribus
1042 2600 1341 2673 committuntur.

290 2714 387 2786 Nam
404 2712 600 2809 imperium
610 2712 799 2810 patentia,
819 2711 1088 2784 administratio
1104 2712 1344 2808 gubernandi

290 2838 399 2901 actas·
416 2839 482 2900 est.
535 2825 713 2898 Potamia
731 2836 854 2899 autem
872 2826 1026 2898 inomni
1041 2826 1200 2900 civitatis
1219 2829 1344 2924 specie
1442 2877 1443 2922 ᾖ

291 2941 441 3037 aequalis
472 2951 551 3024 est;
579 2940 647 3012 soli
676 2949 784 3012 actas
811 2939 998 3029 differunt,
1021 2941 1093 3014 boc
1125 2954 1193 3030 est,
1223 2952 1345 3014 motas

291 3065 403 3150 atque
419 3054 587 3127 actiones
601 3053 771 3143 civitatis,
790 3066 902 3150 prout
910 3055 1133 3149 proveniunt
1145 3079 1168 3126 a
1178 3055 1345 3151 plurium

292 3169 350 3242 vel
375 3167 603 3264 pauciorum,
620 3167 824 3262 peritorum
841 3167 900 3240 vel
923 3167 1177 3265 imperitorum
1205 3167 1346 3240 delibe-

293 3282 508 3356 rationibus.
560 3283 616 3353 Ex
627 3304 699 3376 quo
712 3279 931 3376 intelligitur
948 3281 1136 3377 regiminis
1147 3280 1349 3355 commoda

292 3410 332 3469 et
361 3393 593 3468 incommoda
615 3416 690 3465 non
715 3392 831 3482 illum,
854 3393 893 3465 in
919 3417 992 3488 quo
1018 3393 1156 3466 residet
1181 3394 1346 3468 civitatis

293 3507 509 3596 authoritas,
536 3504 602 3578 sed
630 3505 774 3601 imperii
803 3505 988 3578 ministros
1018 3506 1145 3601 sequi;
1186 3506 1348 3604 ideoque

293 3623 386 3697 nibil
402 3619 592 3718 impedire,
611 3619 700 3716 quin
722 3618 851 3691 civitas
874 3629 973 3690 recte
999 3620 1199 3714 gubernari
1215 3621 1347 3716 possit,

295 3760 520 3832 quamquam
532 3733 735 3809 monarcha
745 3732 897 3805 foemina
906 3732 964 3804 vel
973 3756 1067 3828 puer
1078 3733 1135 3805 vel
1147 3732 1273 3806 infans
1285 3734 1348 3823 sit,
1439 3735 1440 3750 ¹

295 3850 407 3923 modo
426 3849 453 3921 ii
470 3847 627 3942 negotiis
652 3870 759 3943 pares
790 3845 876 3934 sint,
890 3845 953 3940 qui
979 3845 1192 3919 ministeriis
1210 3857 1249 3919 et
1264 3871 1349 3920 mu-

251 3951 257 3965 '
296 3963 446 4035 neribus
463 3958 619 4056 publicis
642 3958 807 4054 praefecti
824 3971 921 4030 sunt.
973 3959 1096 4054 Atque
1114 3959 1153 4032 id
1171 3960 1272 4055 quod
1291 3961 1351 4034 di-

297 4076 406 4163 citur,
424 4099 476 4146 aa
493 4096 612 4170 regma
631 4073 736 4166 cajar
753 4095 823 4144 rea
841 4094 944 4168 paer
957 4080 1026 4161 eat,
1044 4096 1120 4144 non
1138 4072 1350 4167 significare

297 4187 524 4261 monarchia
550 4183 800 4260 conditionem
825 4193 926 4259 statu
944 4185 1110 4281 populari
1132 4184 1349 4260 inferiorem
