2904 4912
307 256 378 322 356
608 220 612 226 ¹
733 272 922 325 numero.

112 469 209 520 sacr.
223 469 276 520 nr.
307 461 445 529 eorum,
471 437 570 512 laesae
597 441 802 535 majestatis
830 439 971 512 crimen
995 439 1067 514 hoc
1094 463 1243 536 quoque
1272 453 1365 530 erat,

306 576 450 648 negare
485 552 607 624 Demo
636 551 860 643 Abrohomi,
888 553 960 626 hoc
991 564 1058 639 est,
1090 554 1213 626 colere
1242 554 1366 627 Deum

307 663 414 737 aliter
431 665 541 759 quam
559 666 604 737 ab
623 665 835 738 Abrahamo
864 677 920 738 est
944 666 1169 756 institutum,
1185 666 1367 740 nimirum

307 777 375 848 sub
401 775 640 874 imaginibus*
667 776 930 861 manu-faotis;
957 789 1071 874 prout
1096 779 1273 852 fecerunt
1298 803 1368 852 cae·

306 899 397 961 terae
423 888 605 976 nationeS,
624 913 707 986 quae
732 900 885 985 propter
912 913 995 961 eam
1022 913 1174 963 causam
1198 890 1367 986 appella-

307 1001 442 1073 bantur
460 1000 688 1074 idololatrae.
741 1002 866 1097 Atque
883 1002 1074 1097 hucusque
1093 1003 1248 1092 subditi,
1268 1005 1368 1077 cirea

307 1113 482 1186 mandata
515 1113 724 1209 principum
758 1137 922 1203 suorum,
957 1114 1047 1210 quid
1080 1116 1299 1210 faciendum
1332 1130 1368 1191 et

309 1226 399 1322 quid
414 1224 630 1322 fugiendum
648 1239 729 1300 erat
746 1227 835 1300 satis
861 1227 969 1300 facile
988 1227 1208 1325 dignoscere
1236 1242 1367 1326 potue-

121 545 265 650 ..a

307 1349 407 1413 runt.

96 1468 296 1518 reomensem
359 1460 394 1525 8.
415 1453 468 1527 Ut
480 1476 675 1549 pergamus
683 1455 772 1549 jam,
787 1453 940 1526 ductum
955 1453 1145 1550 sequendo
1161 1454 1366 1552 Scriptura

93 1535 297 1648 fflifflffl
311 1568 444 1654 Sacrae,
473 1565 572 1638 idem
592 1577 749 1663 pactum
778 1577 997 1639 renovatum
1027 1578 1096 1656 est,
1128 1568 1240 1659 (Gen.
1268 1571 1365 1642 xxvi.

310 1693 346 1770 3,
376 1681 416 1778 4)
454 1703 539 1751 cum
566 1680 713 1763 Isaaco;
759 1692 795 1751 et
823 1679 929 1772 (Gen.
948 1679 1074 1752 xxviii.
1098 1689 1156 1764 13,
1181 1683 1244 1775 14)
1283 1707 1367 1756 cum

307 1793 469 1877 Jacob0;
487 1792 552 1866 ubi
565 1793 664 1865 Deus
676 1817 714 1866 se
725 1792 886 1889 appellat
902 1817 978 1866 non
995 1792 1213 1888 simpliciter
1231 1797 1366 1887 Deum,

309 1932 419 2004 quem
429 1917 562 1978 natura
573 1929 651 1978 esse
665 1905 801 1988 dictat;
820 1905 885 1978 sed
899 1905 1085 1995 distincte,
1100 1904 1226 1980 Deum
1238 1909 1365 1984 Abro-

307 2020 409 2094 homi
426 2029 464 2092 et
482 2019 637 2093 Isoooi:
665 2031 703 2091 et
719 2030 815 2115 post,
834 2018 933 2090 idem
944 2028 1102 2114 pactum
1119 2034 1366 2097 renovaturus

307 2158 374 2230 per
395 2133 526 2205 Mosen
548 2157 633 2205 cum
659 2144 741 2224 toto
769 2132 907 2229 populo
936 2131 1095 2221 Israelis,
1117 2133 1223 2232 Ego,
1248 2137 1367 2233 inquit

312 2245 444 2342 (Exod.
457 2245 506 2317 iii.
520 2249 574 2340 6),
585 2270 664 2318 som
681 2246 788 2318 Deos
799 2244 933 2343 patris
952 2245 1019 2334 toi,
1030 2245 1136 2318 Deus
1153 2248 1365 2342 Abrohom,

308 2359 416 2432 Deus
434 2359 562 2449 Isooc,
576 2369 614 2431 et
631 2359 737 2432 Deos
755 2357 887 2432 Jacob.
924 2358 1081 2448 Deinde,
1100 2385 1187 2434 eum
1207 2365 1367 2460 populus

307 2473 369 2546 ille
387 2472 613 2546 constitisset
630 2472 667 2546 in
686 2472 833 2547 deserto
847 2496 963 2570 prope
976 2485 1143 2547 montem
1159 2476 1279 2566 Sinai,
1292 2503 1367 2551 non

308 2590 419 2664 modo
446 2589 664 2678 liberrimus
684 2588 749 2661 sed
776 2589 887 2662 etiam
912 2590 1154 2684 subjectionis
1178 2591 1366 2679 humanae,

307 2715 461 2802 propter
478 2703 693 2776 memoriam
705 2715 893 2777 recentem
911 2703 1101 2778 servitutis
1117 2704 1365 2802 AEgyptiacae,

310 2816 593 2904 inimicissimus,
613 2824 770 2912 pactum
796 2815 889 2890 illud
913 2816 1107 2914 antiquom
1129 2819 1366 2915 propositum

310 2943 368 3006 est
395 2929 563 3004 omnibus
591 2928 931 3026 redintegrandum,
954 2929 1026 3003 hac
1048 2931 1211 3005 formula
1232 2933 1365 3026 (Exod.

310 3045 385 3118 xix,
419 3053 454 3133 5,
482 3043 550 3134 6):
602 3041 646 3115 Si
676 3066 771 3141 ergo
802 3043 1004 3119 audieritis
1034 3070 1157 3118 vocem
1182 3057 1366 3121 meamet

312 3155 568 3230 custodieritis
572 3165 728 3253 poetam
738 3181 852 3229 meum
866 3157 1057 3252 (nimirum
1061 3169 1222 3256 pactum
1231 3161 1366 3234 initum

311 3294 396 3343 cum
423 3268 647 3358 Abraham0,
675 3269 813 3359 isaaco,
837 3280 874 3344 et
899 3270 1056 3365 Jacobo)
1081 3270 1192 3344 eritis
1211 3273 1304 3346 milri
1328 3273 1367 3346 io

303 3382 494 3480 peculium
511 3406 558 3454 eoo
576 3380 718 3453 conctis
729 3381 887 3478 populis
898 3409 912 3454 .·
939 3406 1022 3454 meo
1049 3391 1109 3454 est
1134 3384 1233 3456 enim
1250 3385 1366 3458 omnis

312 3505 420 3569 terro
431 3522 446 3578 ;
472 3503 511 3565 et
528 3517 591 3564 cos
617 3493 726 3564 eritis
751 3493 841 3566 mitt
866 3494 905 3566 io
930 3518 1090 3593 regnam
1107 3498 1366 3586 sacerdotale,

351 3655 369 3690 *
383 3643 442 3702 Sol
455 3641 627 3718 imopioibos
640 3639 855 3718 mono-foetis]
891 3643 966 3702 Vide
980 3663 1044 3720 cap.
1058 3664 1106 3703 xv.
1118 3653 1173 3703 art.
1189 3650 1237 3716 14,
1253 3649 1294 3706 ibi
1307 3648 1368 3706 cul-

311 3744 374 3795 tum
387 3736 473 3794 talem
485 3733 679 3790 irrationalem
692 3752 753 3792 esse
767 3735 963 3794 ostendimus:
981 3745 1012 3794 at
1028 3737 1052 3794 si
1061 3737 1146 3814 jussu
1161 3739 1292 3798 civitatis
1304 3741 1364 3808 liet,

312 3829 359 3886 cui
372 3827 494 3886 verbum
508 3824 565 3882 Dei
579 3827 718 3900 scriptum
731 3844 789 3883 non
804 3834 848 3884 est
861 3828 1010 3903 cognitum
1024 3847 1120 3905 neque
1129 3839 1293 3908 receptum,
1306 3834 1367 3892 eul-

311 3928 373 3978 tum
386 3919 473 3977 talem
486 3921 725 3993 eap.xv.art.18,
740 3917 916 3975 ostendimus
930 3937 991 3977 esse
1005 3921 1184 3980 rationalem.
1219 3922 1367 3982 Caeterum
1442 3914 1447 3943 ¹

311 4014 361 4070 ubi
375 4012 457 4070 Deus
470 4016 572 4086 regnat
584 4027 637 4084 per
649 4015 777 4084 pactum,
788 4009 817 4065 in
828 4027 896 4085 quo,
908 4028 944 4067 ne
954 4011 997 4068 sic
1011 4011 1118 4078 colant,
1132 4031 1270 4089 expresse
1283 4033 1368 4074 ceve-
1447 4015 1448 4038 l

310 4111 368 4171 tur,
381 4112 414 4161 ut
427 4122 479 4179 per
491 4108 609 4178 pactum
623 4101 798 4171 Abrahami;
819 4102 861 4160 ibi
874 4102 935 4162 eive
948 4101 1058 4180 injussu
1072 4104 1133 4163 eive
1141 4102 1229 4183 jussu
1242 4108 1367 4168 civitatis

311 4195 459 4262 dutmala
472 4193 514 4251 fit.
1447 4205 1448 4246 t

1442 4267 1449 4475 t
