2912 4912
481 301 535 353 nn
556 301 801 354 summoue.
1093 285 1160 354 125

111 479 194 543 tnm
226 491 354 542 rursus
387 468 604 544 incidamus,
669 469 929 544 Humilitatem
965 477 1090 542 autem
1124 479 1163 542 et
1200 499 1297 550 sacr.
1314 499 1351 550 ιι.

109 584 255 656 luctum
272 583 395 656 cinere
413 595 452 656 et
464 607 570 657 socco
589 599 628 656 et
640 583 935 680 prosternatione
952 581 1160 678 significare
1204 578 1347 682 ,Βῆ

112 697 213 770 soliti
230 706 340 780 sunt;
366 720 442 770 non
466 697 567 793 quod
592 696 712 794 pudor
729 707 767 770 et
792 696 980 770 humilitas
1008 695 1086 768 sine
1104 693 1256 768 hiscum·

111 832 203 882 vera
224 832 300 882 non
329 809 398 891 sit;
425 809 490 882 sed
517 811 604 906 quia
627 822 761 884 natura
787 809 867 906 ipsa
893 808 1001 882 docet
1032 807 1162 880 iisdem
1174 787 1345 904 {mm

112 923 225 994 rebus
243 923 364 995 Deum
382 924 515 1012 colere,
533 923 597 1019 qni
619 922 733 996 eorda
756 935 884 996 nostra
900 921 1013 1010 videt,
1031 921 1163 1016 quibus
1174 911 1367 1034 ssffiff'

113 1035 274 1107 vidimus
292 1034 364 1108 eoli
381 1034 560 1125 homines
576 1035 640 1132 qni
657 1034 727 1108 nisi
738 1035 873 1108 talibus
890 1035 1004 1132 signis
1022 1034 1068 1107 de
1084 1057 1164 1129 poe·

114 1148 276 1222 nitentia
292 1171 382 1220 vera
396 1148 564 1244 judicare
581 1173 658 1222 non
675 1159 839 1246 possunt.
884 1149 959 1224 Qui
974 1171 1063 1221 vero
1080 1171 1165 1244 pee-

115 1273 202 1334 cata
228 1284 308 1351 sua,
343 1261 563 1357 simulatque
593 1261 828 1358 resipuerint,
847 1261 1057 1335 condonata
1085 1283 1165 1334 esse

114 1399 184 1471 pro
210 1386 316 1448 certo
343 1375 494 1462 habent,
524 1373 710 1471 iidemque
740 1399 779 1448 se
807 1375 929 1448 sciunt
957 1373 1164 1471 resipuisse,

115 1488 188 1560 nisi
205 1486 308 1583 qnod
332 1486 470 1560 doloris
497 1488 638 1584 speeies
668 1487 792 1584 aliqua
819 1488 868 1561 sit
897 1487 1007 1561 etiam
1032 1486 1165 1583 pudor,

117 1602 244 1675 dolere
260 1599 416 1673 ulterius
433 1624 510 1674 non
521 1613 697 1696 possunt:
723 1625 810 1674 nam
824 1601 856 1674 si
873 1600 1000 1675 dolent
1020 1601 1167 1696 signum

116 1713 360 1787 manifestum
377 1723 445 1802 est,
464 1712 565 1808 quod
581 1712 665 1786 ideo
679 1712 817 1803 dolent,
842 1713 930 1810 quia
947 1737 991 1786 eo
1008 1713 1166 1786 miseriae

117 1851 156 1900 se
184 1826 359 1899 reduotos
390 1825 528 1914 vident,
558 1837 601 1898 ut
633 1827 692 1898 vel
715 1826 797 1923 ipsi,
820 1827 879 1899 vel
907 1837 1061 1923 peecata
1084 1849 1167 1922 quae

117 1950 247 2013 amant
281 1937 491 2034 abjicienda
521 1951 629 2023 sunt;
668 1939 978 2034 quemadmodum
1001 1940 1040 2012 in
1074 1939 1168 2012 mari

117 2063 305 2125 mercator
323 2051 435 2141 dolet,
453 2052 602 2148 quando
628 2063 694 2125 aut
710 2077 749 2126 se
773 2063 838 2126 ent
854 2077 1015 2127 meroem
1031 2053 1169 2150 peritu-

118 2189 199 2238 ram
229 2189 309 2238 esse
335 2164 448 2238 videt.
511 2166 641 2262 ltaque
668 2165 707 2240 in
734 2167 837 2241 cultu
866 2167 991 2240 divino
1015 2167 1169 2241 tristitia

118 2291 204 2376 post
216 2288 371 2375 peccata
382 2277 517 2351 deeora
527 2290 584 2352 est
597 2288 635 2352 et
647 2279 825 2353 naturalis
839 2311 848 2364 ;
867 2279 932 2352 sed
943 2279 1093 2354 tristitia
1105 2279 1168 2354 illa

119 2417 194 2466 non
212 2391 472 2488 repugnantis,
491 2392 556 2465 sed
585 2391 758 2488 pudentis
781 2405 819 2466 et
847 2393 1030 2467 humiliati
1055 2393 1168 2466 animi

120 2530 198 2579 esse
217 2506 341 2578 debet.
394 2505 549 2594 Quarto,
564 2507 684 2579 cultus
695 2505 810 2580 divini
827 2507 1014 2580 rationalis
1031 2507 1168 2604 publici

118 2643 205 2715 pars
240 2627 327 2690 sunt
354 2617 466 2704 dona,
500 2618 539 2691 id
569 2629 637 2708 est,
667 2619 847 2692 sacrificia
880 2631 918 2693 et
952 2619 1167 2694 oblationes.

120 2730 291 2806 Rationis
318 2729 417 2803 enim
446 2755 522 2804 non
552 2743 619 2821 est,
645 2743 689 2804 ut
719 2733 783 2822 illi,
814 2757 934 2829 aquo
960 2733 1168 2829 accepimus

122 2845 259 2934 omnia,
281 2843 374 2916 nihil
390 2844 650 2934 retribuamus,
668 2845 708 2918 id
724 2857 792 2936 est,
820 2847 900 2920 Deo
927 2847 1019 2920 nibil
1043 2869 1169 2920 eonse-

119 2981 278 3046 eremus‚
302 2957 342 3030 id
371 2969 439 3046 est,
469 2971 614 3053 partem
643 2982 863 3056 seponamus
888 2958 1027 3033 nullam
1054 2958 1169 3032 divini

120 3073 243 3146 cultus
261 3069 401 3166 publici
427 3069 618 3160 ministris,
636 3095 705 3167 pro
723 3070 903 3167 dignitate
928 3072 1024 3146 illius
1045 3073 1170 3146 minis-

118 3186 214 3274 terii,
248 3183 400 3257 alendis.
471 3184 576 3258 Sicut
609 3185 708 3258 enim
739 3184 779 3258 in
813 3185 978 3276 ecelesia,
1010 3187 1170 3260 ministri

124 3297 263 3370 Christi
280 3298 327 3370 ab
353 3297 564 3393 evangeliis
593 3297 632 3370 id
655 3310 722 3388 est,
741 3299 787 3372 ab
813 3299 857 3372 iis
883 3300 993 3373 rebus
1020 3325 1102 3396 quae
1121 3301 1169 3374 ob

122 3413 262 3484 bonum
279 3410 451 3483 nuntium
468 3412 514 3482 ab
528 3409 737 3484 hominibus
754 3411 869 3508 gratis
887 3411 983 3486 datae
1001 3423 1118 3501 erant,
1132 3426 1171 3486 et

123 3523 221 3620 apud
238 3522 388 3596 Judaeos
406 3523 656 3620 plurimasque
676 3523 766 3598 alios
786 3535 916 3620 gentes
942 3526 988 3599 ab
1014 3526 1171 3601 oblatio-

122 3638 232 3711 nibus
251 3645 290 3708 et
307 3635 495 3710 sacrificiis
512 3636 721 3710 secerdotes
748 3636 961 3721 alebantur;
988 3639 1041 3712 ita
1058 3641 1171 3713 ratio-

123 3752 179 3824 nis
208 3761 266 3823 est
292 3750 396 3824 utin
426 3749 526 3823 omni
550 3751 699 3823 civitate
728 3751 888 3825 ministri
917 3753 1039 3827 cultus
1057 3754 1171 3827 divini

124 3866 271 3937 alantur
295 3888 319 3936 a
340 3865 421 3937 Deo
436 3864 669 3953 consecratis
687 3889 770 3960 qnae
783 3877 978 3962 propterea
1005 3867 1045 3939 in
1070 3867 1171 3941 omni

124 3987 258 4075 genere
277 3978 414 4052 debent
431 4001 510 4052 esse
530 3978 810 4074 perfectissime.

168 4101 226 4165 ll.
240 4090 370 4164 Cultus
380 4091 664 4188 superstitiosus,
671 4104 822 4189 propter
833 4092 1082 4166 diversitatem
1093 4095 1171 4191 opi·
