2918 4912
279 258 346 324 194
686 271 900 325 mannus

82 476 177 531 ποτ,
191 477 244 528 111,
274 440 386 536 tingit
402 437 520 513 ebriis
538 450 576 514 et
597 439 761 539 crapula
783 437 975 537 grauatis.
1027 438 1207 511 Peccator
1233 433 1329 534 ergo*

93 557 237 662 ,ᾗ
276 553 449 628 vicesimo
465 553 547 625 loco
566 564 697 626 contra
712 552 832 648 legem
848 551 1053 624 naturalem
1071 551 1272 625 ebrietate.

78 685 222 743 Quem
328 673 389 740 26.
405 667 524 741 vDicet
533 665 689 740 sortasse
700 666 843 762 aliquis,
853 665 917 761 qui
930 665 1065 738 viderit
1074 663 1326 761 praecedentia

79 750 232 810 qumsafim
636 780 644 794 .
759 780 767 795 .
820 779 828 794 .
1185 779 1193 794 .

79 815 180 873 agnae
189 815 267 872 potat,
278 790 464 877 praecepta
489 779 671 854 naturabu
699 781 854 853 artrficm
880 779 1041 875 quodam
1063 780 1109 852 ab
1129 803 1243 852 umco
1266 801 1326 851 ra-

79 877 267 996 ffiffdffl
278 892 401 983 tionis,
424 917 491 967 nos
508 892 556 967 ad
579 893 699 966 nostri
723 894 1038 967 conservationem
1066 903 1104 966 et
1131 891 1326 965 incolumi-

80 1009 267 1119 gfflmm
278 1017 393 1081 tatem
410 1007 606 1097 hortantis,
625 1007 823 1080 dictamine
837 1007 1015 1096 derivata,
1033 1005 1125 1078 adeo
1140 1004 1326 1079 difficilem

139 1107 145 1128 ’
280 1143 359 1195 esse
376 1119 637 1194 deductionem
652 1121 785 1193 barum
803 1119 941 1216 legum,
969 1131 1013 1193 ut
1038 1119 1326 1216 exspectandum

280 1259 357 1308 non
373 1235 422 1308 sit
438 1258 499 1307 eas
513 1235 623 1332 vulgo
635 1234 803 1331 cognitas
813 1234 905 1325 fore,
918 1256 1038 1329 neque
1052 1232 1136 1308 ideo
1150 1232 1326 1328 obligare.

280 1348 428 1422 Etenim
460 1348 572 1444 leges,
601 1347 674 1420 nisi
713 1348 884 1442 cognitae,
921 1368 996 1420 non
1033 1346 1213 1442 obligant,
1254 1345 1327 1418 imo

280 1486 357 1535 non
370 1471 455 1535 sunt
470 1461 581 1557 leges.
635 1461 734 1533 Huic
747 1459 965 1557 respondeo,
976 1483 1106 1532 verum
1120 1483 1200 1532 esse
1211 1481 1326 1554 spem,

280 1585 432 1664 metum,
457 1573 562 1662 iram,
585 1571 835 1662 ambitionem,
860 1572 1063 1663 avaritiam,
1087 1569 1247 1667 gloriam
1273 1571 1330 1643 in-

281 1712 400 1777 anem,
415 1699 453 1760 et
466 1697 618 1760 caeteras
634 1685 930 1782 perturbationes
948 1684 1061 1758 animi
1078 1684 1272 1781 impedire,
1283 1707 1330 1758 ne

282 1800 364 1897 quis
385 1800 485 1896 leges
506 1810 649 1872 naturae
674 1820 742 1894 pro
769 1821 813 1871 eo
841 1809 1020 1894 tempore,
1046 1821 1118 1892 quo
1142 1796 1332 1893 passiones

283 1915 363 1986 istae
375 1912 589 2009 praevalent,
605 1935 828 2008 cognoscere
840 1911 967 2008 possit.
1021 1911 1207 1984 Caeterum
1221 1933 1332 1984 nemo

285 2038 351 2117 est,
369 2027 524 2123 quinon
541 2025 738 2122 aliquando
752 2025 879 2098 sedato
893 2024 1016 2098 animo
1031 2034 1098 2099 est.
1150 2026 1206 2098 Eo
1216 2024 1335 2120 igitur
1455 2113 1456 2116 Ἴ

285 2152 452 2236 tempore
468 2139 561 2211 nihil
577 2139 643 2228 illi,
657 2162 880 2235 quamquam
896 2137 1048 2211 indocto
1067 2131 1105 2210 et
1120 2137 1217 2227 rudi,
1238 2139 1335 2211 scitu

287 2264 343 2326 est
359 2253 524 2336 facilium
549 2252 660 2326 unica
676 2253 816 2325 scilieet
840 2253 911 2325 hac
928 2251 1068 2348 regula,
1093 2261 1135 2324 ut
1161 2274 1249 2324 cum
1267 2251 1335 2324 du-

286 2366 391 2456 bitet,
410 2366 449 2438 id
466 2365 566 2461 quod
581 2365 746 2439 facturus
762 2367 802 2438 in
818 2366 975 2438 alterum
992 2365 1052 2454 sit,
1066 2366 1150 2461 jure
1166 2364 1337 2438 facturus

288 2479 337 2553 sit
353 2479 511 2553 naturali
528 2502 657 2569 necne,
683 2488 789 2576 putet
816 2502 855 2552 se
883 2502 961 2552 esse
989 2478 1028 2552 in
1055 2478 1153 2552 illius
1182 2478 1337 2552 alterins

288 2592 381 2666 loco.
434 2592 491 2666 Ibi
521 2592 647 2666 statim
678 2592 974 2689 perturbationes
1002 2592 1086 2681 illae,
1118 2615 1200 2689 quae
1230 2593 1339 2666 insti-

288 2707 428 2803 gabant
442 2705 491 2779 ad
502 2705 724 2796 faciendum,
739 2717 914 2802 tanquam
924 2705 1113 2779 translatae
1127 2705 1166 2778 in
1181 2707 1339 2781 alteram
1454 2687 1455 2714 ¹

289 2821 439 2893 trutinae
455 2820 610 2910 lancem,
623 2844 646 2892 a
661 2819 831 2893 faciendo
849 2819 1156 2893 dehortabuntur.
1210 2820 1339 2915 Atque

288 2933 368 3006 haec
386 2933 514 3028 regula
530 2957 606 3006 non
622 2933 733 3006 modo
751 2933 880 3022 facilia,
907 2932 973 3006 sed
990 2933 1101 3005 etiam
1116 2932 1259 3007 dudum
1277 2958 1340 3007 ce-

288 3046 431 3119 lebrata
446 3045 503 3118 bis
519 3045 640 3118 verbis
658 3055 726 3134 est,
741 3045 844 3143 quod
855 3045 1028 3139 tibificri
1042 3071 1115 3118 aon
1129 3046 1199 3136 oia,
1215 3046 1340 3121 alteri

290 3157 505 3255 refeceris.

95 3297 259 3372 agatem
341 3275 401 3354 27.
420 3270 606 3345 Quoniam
616 3279 739 3344 autem
749 3271 914 3367 plerique
923 3271 1102 3361 homines,
1116 3295 1194 3368 prae
1204 3271 1339 3368 iniquo
1453 3339 1454 3344 ,

93 3359 280 3470 liiffiffl
291 3382 480 3481 praesentis
499 3383 683 3457 commodi
693 3384 873 3480 appetitu,
884 3383 1082 3480 praedictas
1096 3384 1210 3480 leges,
1225 3409 1342 3480 quan·
1453 3379 1454 3382 ’

291 3497 427 3573 tumvis
444 3497 599 3592 agnitas,
611 3497 806 3570 observare
816 3497 967 3570 minime
980 3498 1058 3593 apti
1071 3509 1179 3582 sunt;
1198 3498 1230 3570 si
1241 3498 1342 3571 forte

292 3611 416 3709 aliqui,
443 3611 586 3684 caeteris
611 3610 863 3700 modestiores,
889 3610 989 3714 illam
1007 3610 1220 3706 aequitatem
1239 3633 1342 3684 com-

292 3725 591 3819 moditatemque,
620 3749 731 3821 quam
748 3725 843 3797 ratio
863 3723 992 3812 dictat,
1017 3735 1244 3815 exercerent,
1272 3749 1343 3798 cae-

293 3840 381 3913 teris
400 3862 478 3911 non
501 3837 599 3911 idem
619 3837 851 3926 facientibus
878 3837 971 3911 nihil
994 3837 1115 3910 minus
1146 3861 1259 3934 quam
1282 3863 1343 3910 ra-

293 3954 433 4026 tionem
443 3961 683 4025 sectarentur.
720 3952 850 4047 Neque
861 3951 959 4023 enim
969 3973 1110 4046 pacem,
1122 3950 1188 4023 sed
1198 3961 1343 4024 certum

295 4078 334 4139 et
350 4066 529 4138 maturius
547 4063 700 4138 exitium
717 4063 785 4136 sibi
802 4074 1070 4160 compararent,
1095 4063 1344 4159 cederentque

296 4180 532 4254 observantes
558 4203 633 4253 non
660 4178 937 4254 observantibus
960 4177 996 4252 in
1025 4177 1201 4276 praedam.
1255 4179 1342 4254 Non
