2834 4912
308 265 382 336 228
709 239 939 336 miramon.

114 479 278 532 earnm.
305 445 440 545 curque
446 445 765 546 propriam,quod
776 446 844 520 sibi
856 445 1015 521 retinere
1027 455 1152 544 potest
1162 469 1229 544 per
1238 446 1342 544 leges,

126 555 269 662 „L
307 571 347 636 et
361 559 565 660 potentiam
581 559 695 634 totius
720 558 889 646 civitatie,
908 559 979 634 hoe
1000 569 1068 649 est,
1086 583 1153 656 per
1176 583 1273 651 eum,
1291 560 1343 632 eui

117 695 481 756 ammpmparnmmam
505 673 583 770 ejus
613 673 808 772 imperinm
829 673 993 746 delatum
1011 683 1078 748 est.
1131 673 1186 748 Ex
1205 697 1278 770 quo
1296 673 1345 746 in-

118 775 157 806 um
175 775 222 806 aena
239 762 298 820 quia·

118 839 185 886 qm
212 831 289 872 mn.
309 786 499 884 telligitur,
514 786 677 884 singulos
690 785 785 860 cives
799 811 901 860 nuum
913 787 982 860 sibi
990 787 1192 886 proprium
1203 787 1344 875 habere,

118 889 290 1000 fflssmpffi
310 900 349 976 in
367 899 465 996 quod
495 924 604 976 namo
632 900 838 974 concivium
866 924 1016 974 auorum
1038 902 1099 998 jus
1125 901 1250 992 habet,
1269 901 1346 996 quia

119 1019 241 1080 'mamm
312 1013 440 1088 iisdem
457 1013 599 1110 legibus
617 1023 819 1098 tenentum
845 1037 921 1088 non
947 1024 1071 1088 autem
1093 1015 1286 1112 proprium
1303 1013 1348 1086 ita

311 1127 448 1202 habere
465 1126 671 1225 quicquam,
688 1125 728 1202 in
742 1126 842 1224 quod
859 1151 935 1200 non
962 1127 1095 1201 habeat
1121 1129 1182 1224 jus
1202 1127 1274 1217 ille,
1292 1125 1346 1222 qui

311 1241 423 1315 habet
441 1239 635 1340 imperinm
653 1262 837 1330 rammam,
853 1239 1148 1336 cujusmandata
1161 1251 1249 1314 sunt
1266 1240 1347 1338 ipsa

313 1355 425 1454 legen,
444 1355 549 1451 cujus
578 1353 770 1428 voluntate
787 1351 956 1426 voluntas
984 1352 1216 1448 singulorum
1239 1351 1347 1426 eonti-

315 1479 437 1559 netur,
451 1477 489 1542 et
513 1465 576 1564 qui
607 1491 629 1540 a
655 1463 808 1562 singuiis
826 1464 1065 1540 constituitur
1088 1463 1204 1562 judex
1230 1489 1348 1562 supre-

314 1603 408 1654 mus.
460 1580 693 1677 Quamquam
722 1588 847 1652 autem
870 1577 989 1652 multa
1012 1578 1097 1668 sint,
1121 1601 1205 1676 quae
1229 1578 1348 1652 civitas

316 1693 457 1768 civibus
474 1691 667 1790 permittit,
685 1691 842 1789 ideoque
859 1691 1056 1789 aliquando
1074 1702 1206 1766 contra
1221 1691 1349 1766 haben-

314 1817 392 1882 tem
425 1829 596 1880 rammam
639 1805 834 1904 imperinm
867 1805 948 1902 lege
983 1805 1043 1902 agi
1076 1805 1221 1902 possit:
1262 1803 1349 1878 aetio

316 1929 440 1994 tamen
451 1942 495 1993 ea
505 1943 578 1996 non
593 1917 757 2016 estjaria
768 1916 904 2008 civilia,
920 1917 986 1992 aed
996 1917 1190 2016 equitatis
1203 1926 1351 1992 natura-

317 2031 392 2116 lia:
418 2053 537 2128 neque
552 2031 675 2130 agitur
698 2029 744 2104 de
763 2029 835 2104 eo·
855 2030 955 2128 quod
975 2030 1058 2126 jura
1078 2030 1210 2128 poenit
1236 2031 1278 2122 is,
1296 2029 1350 2126 qui

317 2167 489 2218 summam
520 2144 714 2242 imperinm
735 2143 858 2234 habet,
881 2143 945 2218 aed
963 2143 1008 2218 de
1026 2167 1069 2218 eo
1088 2143 1191 2240 quod
1217 2143 1351 2224 voluit·

317 2253 473 2354 ideoque
499 2256 574 2354 ipse
592 2257 661 2332 erit
687 2255 814 2354 judex,
833 2267 1010 2354 tanquam
1027 2257 1058 2332 si
1075 2256 1227 2356 cognita
1249 2257 1351 2354 requi-

319 2378 396 2444 tate
412 2392 487 2445 non
505 2381 627 2468 posset
645 2370 768 2468 inique
782 2369 960 2467 judicare.

319 2569 386 2630 liam
400 2569 544 2630 civitatem
557 2589 675 2648 parvam
688 2589 750 2630 aeae
763 2569 900 2640 dixeram,
912 2569 1017 2630 frustra
1030 2569 1177 2648 objectum
1193 2579 1246 2630 est.
1287 2569 1352 2630 Nan

319 2659 490 2722 filiifamilias
518 2663 722 2740 proprietatem
762 2681 858 2721 rerum
891 2683 1007 2722 auarum
1034 2681 1052 2722 n
1078 2670 1160 2740 patra
1198 2679 1351 2720 concretam

320 2753 434 2824 habent,
449 2752 611 2812 distinctam
629 2754 747 2832 quidem
769 2771 787 2812 a
808 2755 918 2812 crateris
937 2754 1003 2812 fliiis
1023 2753 1151 2832 ejusdem
1173 2753 1297 2822 familia,
1310 2753 1351 2810 sed

320 2863 377 2904 non
391 2863 409 2904 a
422 2845 595 2923 proprietate
616 2846 705 2922 ipsius
725 2845 823 2922 patrie.
863 2843 963 2906 Patres
977 2865 1045 2904 vero
1060 2845 1240 2904 diversarum
1261 2845 1353 2904 inmiti-

320 2955 411 3008 arum,
425 2937 475 3014 qui
489 2953 542 2996 nen
555 2937 629 3014 patri
644 2955 697 2996 nee
716 2936 834 2996 domino
846 2938 992 2998 communi
1006 2935 1266 3016 subjiciuntur,jna
1284 2955 1353 2996 eom·

322 3047 409 3088 mune
423 3029 451 3086 in
463 3029 559 3087 omnia
569 3029 685 3088 habent.

359 3121 377 3156 ⁴
387 3121 485 3198 Nepae
495 3121 593 3198 apitar
606 3120 640 3180 de
654 3141 684 3180 eo
697 3121 771 3202 qnod
781 3125 849 3200 jare
862 3122 960 3202 parsit,
975 3120 1041 3198 ζα]
1067 3120 1189 3188 QuotIea
1203 3122 1279 3180 actio
1292 3117 1353 3196 legia

321 3213 378 3272 aivi
390 3221 490 3271 eontra
502 3231 645 3272 summum
665 3215 860 3292 imperantem,
875 3213 904 3272 id
918 3221 969 3284 eat,
984 3221 1084 3272 eontra
1098 3212 1246 3272 civitatem
1261 3229 1353 3272 conce·

322 3300 414 3372 ditare
434 3321 468 3364 ea
491 3304 602 3362 aetiana
623 3323 679 3364 non
701 3307 848 3384 quaritur,
862 3323 898 3362 an
918 3305 1018 3364 civitae
1041 3303 1239 3382 mundaque
1260 3303 1353 3380 agitur,

322 3393 465 3470 possidere
474 3394 541 3472 jure
561 3397 659 3472 poerit,
678 3397 728 3456 aed
742 3417 777 3456 an
793 3397 903 3474 iegibus
917 3404 984 3456 anta
998 3395 1061 3456 latis
1072 3415 1136 3454 eanr
1150 3395 1295 3472 possidere
1308 3415 1350 3452 va·

322 3486 415 3546 luerit.
456 3486 508 3546 Eat
521 3488 597 3546 enim
611 3488 657 3546 lex
668 3491 772 3548 nummi
783 3488 949 3566 imperantis
959 3487 1089 3548 velanter
1101 3487 1255 3548 declarata.
1287 3487 1353 3548 Cunr

322 3579 419 3656 itaque
440 3579 590 3656 pecuniam
604 3578 717 3640 duobus
739 3581 902 3640 nominibus
916 3580 1017 3638 civitas
1037 3597 1055 3638 a
1075 3579 1138 3638 eive
1154 3587 1254 3656 petere
1266 3577 1353 3656 possit

323 3671 456 3730 nimirum
472 3677 504 3728 ut
517 3670 665 3740 tributum,
681 3672 724 3730 vei
739 3679 772 3730 ut
793 3671 933 3739 debiturn,
954 3671 983 3730 in
1004 3671 1100 3749 priore
1114 3689 1183 3730 aneu
1204 3669 1354 3746 aetiologia

323 3779 381 3820 non
396 3761 579 3830 conceditur3
600 3781 666 3822 narn
679 3765 771 3840 qumri
794 3783 850 3824 non
874 3770 977 3842 potant,
1001 3780 1038 3821 aa
1063 3761 1164 3820 civitae
1184 3762 1283 3821 tributi
1303 3761 1354 3818 eri·

323 3851 411 3930 gendi
427 3851 476 3930 jus
496 3853 617 3912 habeat:
638 3855 667 3913 in
691 3853 817 3914 seeundo
836 3852 1012 3922 conceditur.
1027 3861 1179 3932 propterea
1197 3851 1275 3930 quod
1293 3849 1353 3910 nihil

323 3944 384 4002 vult
397 3943 510 4003 auterre
524 3945 622 4004 civitae
636 3963 653 4004 a
671 3946 733 4004 eive
746 3964 798 4022 per
808 3945 1010 4014 ealliditatemr
1030 3951 1059 4002 et
1072 3959 1176 4014 tamen,
1190 3945 1214 4002 ai
1228 3963 1298 4022 opaa
1310 3951 1354 4008 eat,

324 4037 420 4094 omnia
443 4043 550 4114 aperta.
590 4035 694 4113 Itaque
710 4037 790 4115 quod
817 4037 1000 4114 reprehendit
1019 4035 1138 4114 quidam
1160 4036 1237 4096 hune
1260 4035 1353 4102 laeam,

324 4126 422 4188 diaena
435 4127 526 4196 fenile,
541 4147 577 4188 ex
591 4127 645 4186 hae
659 4127 789 4190 doctrina
802 4147 863 4190 enee
876 4127 1055 4208 principibus
1069 4145 1126 4188 aera
1139 4127 1233 4188 alieno
1245 4145 1276 4188 aa
1293 4127 1352 4186 nte

325 4235 398 4288 rare,
412 4219 508 4296 inepta
524 4219 715 4298 reprehendit.
