2904 4912
331 302 384 355 nn
404 303 680 357 nncnsrnnns
699 303 754 356 An
775 306 981 362 annornm.
1106 297 1175 364 421

127 491 298 564 quanam
314 471 520 566 propositio
548 481 606 544 est
629 474 841 568 objectum?
895 475 1054 550 Quando
1082 478 1181 552 enim
1208 515 1306 567 sm,
1319 515 1372 568 111,

127 581 296 672 dicimus,
314 582 426 655 credo
445 583 484 658 io
502 584 741 671 Cumarum,
757 585 1004 683 significamus
1029 589 1179 685 quidem
1219 593 1364 700 ᾧ

126 695 200 786 cui,
219 720 295 769 non
312 707 436 770 autem
450 697 546 794 qaid
559 698 756 773 credimus.
807 701 875 772 Est
885 711 1009 775 antem
1026 701 1182 776 credere

125 811 165 883 in
178 809 415 899 Curiorum,
429 810 522 884 nihil
540 811 637 885 aliud
653 835 764 907 quam
776 812 927 887 credere
939 815 1080 889 Jnsuru
1099 839 1182 888 ease

125 923 364 1010 Crumerum,
383 923 558 997 nimirum
586 946 733 1014 rmum,
753 925 815 1020 qui
840 924 1042 1000 secundnm
1065 927 1180 1002 Mosis

124 1047 164 1110 et
192 1036 462 1132 Prophetarum
493 1036 781 1111 Israeliticornm
810 1039 984 1113 vaticinia
1001 1051 1180 1116 venturus

123 1162 205 1223 erat
236 1149 274 1222 in
302 1150 401 1223 hunc
428 1150 619 1240 mundum,
651 1151 699 1224 ad
726 1151 989 1226 instituendum
1019 1177 1178 1254 regnora

123 1264 213 1337 Dei.
252 1262 297 1334 ld
306 1287 395 1336 vero
406 1263 496 1336 satis
514 1274 669 1361 apparet
679 1288 725 1337 ex
738 1265 859 1338 verbis
872 1267 987 1362 ipsius
1000 1267 1177 1344 Onalsrr

121 1377 171 1451 ad
199 1377 387 1450 Martham
416 1376 514 1470 (Joh.
532 1378 582 1450 xi.
601 1387 663 1466 25,
687 1386 748 1467 26,
767 1380 857 1473 27):
884 1379 974 1478 Ego
1000 1405 1091 1471 rum,
1122 1382 1179 1455 in-

122 1491 215 1587 quit,
226 1489 458 1562 resurrectio
469 1500 508 1563 et
520 1491 621 1564 aito:
632 1491 697 1589 qui
709 1513 864 1565 cnnnrr
878 1514 925 1564 ru
942 1515 1014 1582 mn,
1028 1494 1180 1568 etiamsi

121 1615 289 1678 mortuus
302 1603 447 1700 suerit,
474 1604 596 1688 oioet;
623 1614 661 1678 et
681 1605 798 1678 omnir
821 1606 886 1703 qui
902 1606 1004 1696 vicit,
1024 1616 1063 1679 et
1081 1627 1179 1680 cun·

121 1741 195 1792 mr
214 1740 261 1790 ru
276 1717 624 1801 mn‚nonmorietor
637 1717 676 1790 ia
690 1727 880 1792 aternum.
922 1717 1059 1792 Credin
1078 1719 1177 1793 hocf

118 1830 193 1904 Ait
221 1828 293 1919 illi,
317 1829 446 1927 atique
463 1829 623 1902 Domine
646 1855 719 1929 ego
750 1830 912 1920 credidi,
935 1831 1027 1930 quio
1051 1853 1107 1906 'ru
1126 1853 1175 1905 ns

119 1943 336 2017 CHRISTUS
358 1941 473 2037 filius
498 1940 576 2015 Dei
602 1943 688 2032 nivi,
716 1944 782 2041 qui
810 1943 848 2016 in
878 1945 974 2018 franc
1004 1944 1176 2017 mandam

117 2055 267 2131 venisti.
320 2055 465 2131 Quibus
483 2056 605 2128 verbis
617 2055 797 2146 videmus,
818 2077 1012 2131 cunnnnn
1034 2080 1080 2131 rrr
1100 2079 1175 2146 mn,

117 2168 297 2265 explicari
323 2191 390 2264 per
419 2189 523 2249 oum
553 2191 607 2242 ru
637 2191 685 2242 ns
716 2169 943 2245 Cnnrsrns.
995 2171 1062 2244 Est
1086 2195 1175 2268 ergo

116 2282 277 2357 credere
305 2280 343 2353 ia
372 2280 598 2356 Cnnrsrnn
627 2282 721 2355 nihil
745 2283 857 2374 alind,
881 2307 993 2381 quam
1020 2282 1173 2358 credere

115 2397 188 2495 ipsi
205 2397 228 2469 J
232 2416 311 2470 nso
331 2393 470 2467 dicenti
488 2417 527 2467 se
545 2418 624 2468 esse
643 2395 880 2471 Cnnrsrnn.

168 2529 205 2594 6.
233 2519 549 2592 Concurrentibus
564 2518 612 2591 ad
623 2519 780 2593 salutem
784 2520 872 2616 fide
885 2532 923 2595 et
940 2521 1280 2612 obedientiarum
1293 2535 1373 2582 rnen

115 2644 275 2729 utraque
293 2630 521 2720 necessario,
541 2629 657 2726 qualis
671 2631 719 2703 sit
740 2653 784 2704 ea
806 2632 1035 2722 obedientia,
1054 2645 1092 2706 et
1110 2633 1169 2706 cui
1182 2597 1388 2718 ddiffledss

1164 2729 1379 2776 -seriumeeread

115 2745 255 2835 debita,
269 2753 514 2817 monstratum
533 2756 589 2817 est
606 2768 728 2841 supra,
742 2745 898 2819 articulo
913 2755 947 2820 3.
1000 2745 1170 2820 Articabe
1183 2792 1284 2847 „lm
1298 2796 1376 2852 mh„

114 2855 362 2954 autemstdei,
378 2855 529 2952 quinam
545 2857 791 2953 requirantur,
805 2855 845 2930 id
861 2882 961 2933 nunc
977 2857 1166 2956 inquiren·
1183 2861 1384 2981 gssssffim

114 2974 286 3047 domest.
330 2969 424 3043 Dico
441 2979 566 3044 autem
583 2970 696 3044 alium
709 2970 906 3046 articulum
915 2971 1023 3045 fidei·
1034 2983 1171 3070 praeter

157 3141 176 3176 ὕ
198 3133 270 3190 Dico
281 3135 376 3188 aufem
386 3129 477 3187 alium
488 3129 643 3188 articulum
648 3129 726 3210 fidei
734 3139 838 3212 prefer
848 3132 946 3210 donc]
971 3133 1170 3192 Assertionem

114 3227 200 3293 hanc,
215 3241 302 3299 quam
316 3222 443 3281 novitate
453 3222 654 3300 suatheologis
667 3224 810 3302 plerisque
821 3226 971 3302 displicere
981 3245 1065 3304 posse
1075 3225 1170 3294 video,

114 3317 169 3375 etsi
193 3315 262 3373 satis
280 3315 309 3372 in
335 3315 521 3391 sequentibus
544 3317 751 3386 confirmatam,
765 3319 888 3394 amplius
908 3327 1005 3378 tamen
1026 3318 1170 3395 explicare

112 3427 211 3484 operae
235 3407 360 3482 pretium
383 3425 445 3464 esse
467 3406 548 3465 duxi.
588 3407 686 3466 Primo
708 3409 806 3484 igitur,
821 3428 888 3468 cum
909 3409 1063 3468 articulum
1081 3411 1168 3480 hunc,

111 3501 212 3557 Jesum
230 3497 565 3568 ascomannorum
587 3499 625 3558 ad
649 3501 769 3558 salutern
794 3503 987 3560 necessarium
1010 3520 1072 3560 esse
1092 3501 1167 3572 dico,

113 3609 172 3649 non
187 3591 253 3648 dico
266 3589 356 3647 solam
379 3589 467 3648 fidem
491 3591 528 3648 ad
551 3593 672 3651 salutem
696 3595 885 3652 necessariam
903 3613 973 3662 esre,
986 3595 1037 3652 sed
1051 3593 1167 3671 requiro

113 3683 201 3740 etiam
220 3679 371 3758 justitiam,
386 3682 446 3740 sive
470 3683 663 3742 obedientiam
684 3685 797 3762 legibus
818 3685 874 3744 Dci
895 3687 1030 3756 debitam,
1044 3685 1100 3744 hoc
1114 3691 1167 3752 est,

112 3774 292 3831 voluntatem
313 3781 391 3830 recte
411 3773 535 3832 vivendi.
578 3775 720 3846 Secundo,
745 3795 802 3835 non
824 3797 899 3853 nego
920 3777 990 3854 quin
1009 3777 1166 3834 multorum

111 3867 234 3924 oliorum
258 3864 445 3923 articulorum
467 3865 616 3943 professio,
630 3869 655 3926 si
677 3868 764 3926 modo
786 3867 926 3945 professio
948 3886 1048 3926 eorum
1067 3869 1105 3926 ab
1118 3887 1167 3928 ec·

111 3958 200 4016 clesia
221 3957 387 4031 imperetur,
409 3957 446 4015 ad
470 3957 591 4016 salutem
616 3977 733 4036 quoque
760 3961 919 4018 necessaria
940 3961 994 4028 sit3
1024 3959 1075 4017 sed
1099 3979 1166 4018 cum

111 4049 185 4107 fides
195 4049 316 4115 interna,
334 4047 474 4125 professio
488 4059 606 4108 externa
619 4053 664 4120 eit,
679 4051 756 4109 illam
770 4051 884 4128 proprie
897 4051 995 4118 fidem,
1009 4052 1083 4109 hanc
1098 4052 1165 4111 obe·

112 4141 229 4200 dientiae
243 4149 355 4216 partem
368 4159 429 4198 esse
443 4141 518 4212 dico,
532 4144 573 4200 ita
587 4152 619 4200 ut
638 4142 776 4200 articulus
790 4139 837 4200 ilie
858 4143 896 4201 ad
912 4143 1000 4201 fidem
1015 4145 1164 4215 internam,

112 4251 170 4292 non
185 4241 282 4292 autem
300 4233 337 4293 ad
350 4232 556 4311 professionem
572 4233 728 4293 Christiani
743 4236 820 4294 solus
833 4233 964 4295 sufficiat.
1004 4233 1165 4308 Postremo,
