2912 4912
88 512 184 562 SEC'I'.
199 513 237 564 Π.

91 591 233 694 L

281 297 349 364 126
671 310 725 361 on
746 309 929 361 aournu.

276 475 431 548 nionum
448 498 578 548 eorum
594 473 797 565 hominum,
817 475 880 570 qui
897 473 1020 571 plures
1032 474 1131 548 Deos
1149 497 1228 548 esse
1247 499 1327 550 cre-

277 590 425 680 debant,
453 588 628 662 nimirum
663 589 726 683 qui
752 599 902 684 gentem
936 588 1122 683 quandam
1149 590 1324 679 caelitum,
1443 689 1444 694 Ἰ

78 728 242 788 eliasapn.
277 703 380 799 quasi
397 702 588 776 hominum
606 703 789 776 aeriorum
807 700 1005 792 civitatem,
1026 725 1105 776 esse
1129 703 1325 797 putabant,

77 795 155 839 elitioui
164 796 225 840 rarii.

64 3190 173 3235 cortuum
183 3189 234 3234 finis

64 3257 115 3314 quis
124 3255 218 3300 mortali-

275 819 453 913 majorem
476 816 589 889 habet
606 816 822 889 varietatem
844 838 955 910 quam
975 825 1019 888 ut
1034 814 1178 888 narrari
1193 816 1324 910 possit.

274 930 398 1002 Etiam
411 929 480 1002 diis
491 929 562 1002 illis
572 929 736 1025 linguam
750 929 938 1026 propriam
952 927 1021 1000 sibi
1037 929 1149 1002 fuisse
1162 928 1202 1002 in
1216 929 1325 1019 coelo,
1444 973 1445 998 r

275 1043 455 1138 aliterque
486 1043 532 1115 ab
562 1041 772 1115 hominibus
803 1041 909 1114 aliter
936 1065 959 1113 a
993 1040 1062 1114 diis
1092 1041 1239 1114 easdem
1265 1065 1325 1114 res

275 1155 458 1229 nominari
485 1155 743 1237 crediderunt;
767 1165 810 1227 ut
843 1154 906 1249 qui
941 1154 1119 1228 Romulus
1144 1155 1184 1226 in
1216 1155 1327 1227 terris

277 1269 455 1344 Quirinus
471 1269 511 1342 in
526 1268 620 1342 coelo
632 1269 816 1342 diceretur
832 1298 841 1349 ;
856 1267 1094 1364 similiterque
1107 1268 1146 1340 in
1163 1267 1245 1340 aliis
1259 1293 1326 1341 no·
1445 1271 1446 1302 ³

276 1381 448 1472 minibuS,
465 1393 509 1455 ut
532 1382 631 1480 apud
646 1395 775 1478 poetas
798 1382 957 1471 Graecoa
981 1382 1146 1455 ecclesiae
1164 1382 1327 1454 ethnicae

275 1507 411 1592 patrea,
439 1496 565 1569 videre
595 1506 672 1580 est3
699 1495 830 1569 eodem
856 1495 933 1567 fere
959 1494 1081 1584 modo,
1110 1518 1183 1589 quo
1213 1519 1326 1590 quam

276 1632 343 1682 nos
367 1609 571 1698 civitatem,
588 1608 745 1705 populus
763 1608 917 1681 clericus
934 1607 1095 1703 appellat
1111 1607 1326 1696 eccleciam,
1446 1653 1447 1656 =

276 1721 316 1794 id
333 1722 432 1817 quod
456 1721 498 1794 in
521 1722 670 1795 civitate
689 1721 764 1810 leo,
782 1721 821 1792 in
850 1720 1003 1798 ecelesia
1020 1745 1149 1811 canon,
1168 1731 1207 1793 et
1224 1721 1328 1817 quod

276 1835 315 1908 in
332 1859 447 1931 regno
465 1837 659 1930 majestas,
673 1834 712 1907 in
730 1833 884 1906 ecclesia
900 1834 1088 1907 sanctitas
1104 1833 1326 1930 appellatur.

277 1949 357 2021 Nec
367 1971 443 2020 una
459 1948 622 2020 Deorum
636 1946 784 2018 civitate
802 1947 979 2036 contenti,
993 1947 1103 2018 aliam
1115 1958 1328 2020 statuerunt

276 2063 440 2135 Deorum
463 2060 688 2132 marinorum
705 2060 772 2131 sub
798 2059 977 2154 regimine
994 2059 1172 2155 Neptuni,
1191 2071 1231 2132 et
1248 2073 1325 2133 ter-

276 2175 366 2247 tiam
379 2172 478 2269 apud
490 2174 627 2247 inferos
642 2175 709 2246 sub
728 2173 894 2246 Plutone.
946 2174 1139 2263 Praeterea,
1155 2185 1328 2248 creature
1448 2241 1449 2260 ,

275 2288 353 2362 fere
370 2287 471 2361 nulla
496 2299 576 2361 erat
603 2311 714 2384 quam
730 2311 806 2360 non
824 2287 1045 2360 invocarunt
1061 2297 1104 2359 ut
1120 2288 1243 2360 Deum
1269 2290 1327 2362 vel

276 2403 392 2476 Deam
408 2432 417 2484 ;
443 2401 545 2474 nulla
560 2401 637 2474 fere
660 2401 788 2490 virtuS,
806 2410 942 2496 praeter
959 2401 1123 2474 laborem
1140 2413 1179 2474 et
1197 2402 1327 2476 indus-

275 2515 386 2588 triam
403 2515 555 2588 numina
570 2538 637 2611 per
665 2537 704 2588 se
725 2513 895 2610 propitia,
914 2514 992 2586 sine
1015 2538 1079 2587 ara
1104 2526 1169 2588 aut
1185 2517 1327 2612 templo
1449 2581 1450 2592 ,

276 2639 367 2702 eret.
421 2628 609 2725 Quicquid
634 2627 793 2723 denique
810 2627 1047 2716 nominabile,
1065 2627 1165 2700 idem
1191 2638 1230 2701 et
1248 2629 1327 2702 dei-

275 2740 419 2814 ficabile
437 2754 528 2816 erat.
580 2740 693 2816 Quod
710 2764 819 2836 quam
845 2740 981 2814 rationi
1006 2742 1166 2815 naturali
1195 2742 1327 2816 incon-

275 2877 409 2949 gruum
427 2854 487 2943 sit,
504 2877 613 2928 nemo
638 2862 694 2926 est
717 2852 781 2948 qui
807 2877 884 2925 non
901 2851 1085 2949 intelligit.
1140 2854 1327 2951 Supersti-

275 2966 415 3040 tionem
432 2978 557 3039 autem
575 2967 670 3040 hanc
686 2966 808 3039 facere
822 2967 944 3062 potuit
960 2968 1021 3039 lex
1038 2967 1110 3040 loci
1128 2979 1170 3041 ut
1194 2969 1325 3065 religio

276 3080 534 3176 appellaretur,
553 3090 590 3153 et
607 3080 726 3153 cultus
749 3104 876 3153 omnes
900 3081 990 3154 alios
1008 3082 1299 3176 superstitionem

331 3203 387 3268 12.
414 3194 527 3284 Finis,
555 3218 663 3289 quem
695 3195 808 3267 cultui
843 3194 968 3268 divino
999 3195 1166 3268 civitates
1196 3221 1324 3270 omnes

61 3319 105 3365 bus
112 3321 180 3365 futuri
187 3321 265 3366 aaa.
275 3306 524 3402 praetendunt,
541 3307 573 3380 is
591 3320 659 3396 est,
676 3317 719 3379 ut
736 3331 862 3380 earum
879 3307 979 3380 Deus
993 3308 1052 3381 vel
1075 3309 1137 3381 Dii
1154 3321 1236 3382 tum
1254 3310 1324 3407 ipsi

277 3417 431 3509 civitati,
458 3435 538 3492 tum
568 3421 679 3492 etiam
708 3419 862 3516 singulis
885 3419 1026 3494 civibus
1055 3422 1207 3518 propitii
1237 3424 1322 3497 sint.

276 3533 529 3607 Veruntamen
545 3532 730 3629 plerisque
740 3533 870 3605 *divina
879 3534 1000 3631 gratia
1014 3535 1231 3631 simpliciter
1247 3561 1322 3610 non

277 3647 421 3721 sufficit.
475 3645 649 3742 Cogitant
673 3645 783 3730 enim,
807 3645 914 3718 Deae
932 3647 1023 3720 milti
1052 3648 1214 3721 daturus
1240 3651 1323 3748 qui-

278 3762 361 3834 dem
378 3760 477 3833 dona
503 3769 572 3850 eet,
595 3760 667 3832 red
692 3759 775 3832 alia
790 3759 973 3857 fortasse
1003 3786 1114 3858 quom
1138 3788 1225 3860 quoe
1251 3789 1322 3863 ego

276 3873 358 3947 eolo
369 3902 384 3958 ;
410 3883 557 3947 avertet
591 3872 704 3962 mala,
731 3873 803 3946 aed
820 3897 897 3972 per
920 3875 1168 3972 prudentiam
1192 3901 1321 3951 meam.

285 3985 434 4060 Utinam
450 4011 545 4086 ergo
563 3987 698 4060 scirem
712 4012 796 4084 qucc
815 3986 910 4060 bona
924 3988 995 4061 illa
1009 3998 1106 4079 aaut,
1125 4013 1209 4085 qaoe
1228 3991 1322 4064 dure

278 4103 368 4176 milti
388 4113 523 4200 parat,
543 4113 581 4177 et
597 4127 681 4201 quoe
698 4113 784 4176 runt
806 4102 919 4193 mula,
937 4128 1021 4201 qucc
1045 4103 1101 4176 itu
1113 4125 1243 4202 prope
1268 4129 1322 4176 nze
