2912 4912
306 294 372 360 104
473 297 477 302 “
691 312 754 362 *nn
769 313 951 364 nonina.

116 507 214 556 sacr.
225 505 264 556 11.
301 476 542 572 objectorum,
559 499 643 572 quae
664 478 870 572 appetimus
891 478 1109 574 fugimusve,
1128 476 1343 550 diversitate

118 583 262 686 ,ἐζ
300 602 341 662 et
356 588 649 663 circumstantiis.
683 591 869 665 Dicuntur
882 605 1007 665 autem
1020 590 1343 689 perturbationes,

301 712 497 798 propterea
517 702 618 798 quod
640 705 806 778 officiunt
826 706 1044 802 plerumque
1065 715 1178 778 rectae
1193 703 1344 776 ratioci-
1438 705 1439 724 ¹

301 815 454 888 nationi.
483 816 659 889 Officiunt
674 829 798 890 antem
814 819 1083 892 ratiocinationi
1099 829 1211 891 rectae
1227 817 1269 888 in
1286 841 1343 902 eo,

303 928 405 1024 quod
421 941 552 1002 contm
574 929 712 1002 bonum
733 955 863 1004 verum
883 957 952 1029 pro
974 943 1174 1028 apparente
1197 942 1236 1002 et
1251 953 1346 1025 prae·

303 1040 511 1113 santissimo
543 1042 641 1115 bono
673 1043 844 1132 militant,
874 1044 975 1141 quod
1003 1043 1230 1141 plerumque,
1260 1067 1346 1138 per-

304 1153 427 1248 pensis
456 1154 624 1226 omnibus
652 1155 848 1251 adjunctis,
876 1157 1062 1229 invenitur
1088 1180 1168 1229 esse
1195 1156 1345 1228 malum.

305 1266 403 1338 Nam
429 1289 476 1337 ex
500 1265 641 1339 foedere
667 1268 780 1339 animi
802 1281 840 1342 et
862 1269 1025 1365 corporis
1047 1282 1116 1357 est,
1133 1281 1178 1340 ut
1199 1268 1347 1341 initium

306 1378 454 1474 quidem
470 1378 675 1474 exequendi
697 1382 744 1453 ab
767 1381 946 1476 appetitu,
968 1382 1161 1454 consilinm
1182 1393 1310 1454 autem
1326 1405 1349 1452 a

306 1492 449 1565 ratione
465 1492 523 1564 sit.
575 1493 716 1589 Itaque,
738 1517 824 1565 cum
844 1495 984 1568 bonum
1000 1519 1127 1568 venun
1143 1494 1183 1566 in
1204 1493 1349 1588 longin-

307 1629 422 1700 quum
433 1605 690 1702 prospiciendo
703 1607 942 1702 quarendum
955 1609 1014 1698 sit,
1027 1608 1068 1681 id
1079 1607 1180 1704 quod
1196 1606 1350 1678 rationis

306 1741 399 1814 opus
411 1731 481 1808 est,
493 1718 623 1815 arripit
633 1719 820 1814 appetitus
833 1720 972 1793 bonum
984 1744 1157 1817 praesenS,
1168 1743 1246 1792 non
1255 1741 1350 1814 prae-

306 1830 394 1903 visis
404 1854 488 1926 quae
497 1831 567 1926 ipsi
577 1832 781 1905 necesaria
791 1831 984 1905 adbaerent
992 1833 1133 1928 majora
1140 1832 1251 1904 mala
1266 1832 1350 1904 Per-

308 1943 433 2016 nnbat
449 1967 538 2039 ergo
559 1958 598 2016 et
613 1944 767 2040 impedit
783 1946 1033 2040 operationem
1049 1945 1224 2027 rationis3
1251 1944 1350 2017 unde

308 2073 410 2130 recte
427 2057 561 2129 dicitur
573 2057 827 2154 perturbatio.

360 2171 577 2244 Consistunt
589 2183 713 2244 autem
724 2173 878 2246 affectus
888 2171 1089 2245 indiversis
1098 2170 1263 2242 motibus
1272 2193 1352 2242 san-

309 2284 430 2380 guinis
446 2297 487 2356 et
501 2284 695 2380 spirituum
711 2285 934 2375 animaiium,
947 2293 1057 2382 prout
1070 2308 1110 2358 se
1121 2283 1224 2356 varie
1242 2282 1352 2355 modo

309 2397 534 2494 expandunt,
551 2396 663 2470 modo
679 2398 728 2471 ad
743 2398 885 2472 fontem
901 2423 941 2472 se
961 2398 1165 2495 recipiunt3
1194 2421 1353 2494 quorum

309 2522 477 2584 motuum
496 2534 617 2584 causae
642 2525 729 2585 sunt
750 2513 1011 2608 phantesmata
1034 2512 1134 2585 circa
1158 2511 1303 2584 bonum
1318 2521 1354 2582 ct

309 2624 447 2699 malum
464 2625 511 2696 ab
529 2625 683 2721 objectis
699 2625 738 2697 in
756 2625 879 2697 animo
895 2626 1068 2699 excitata

204 2755 217 2832 J
351 2747 397 2812 ·2.
424 2739 616 2813 Quatenus
628 2738 835 2834 concipitur
846 2738 1029 2835 abaliquo
1046 2739 1185 2812 bonum
1202 2737 1275 2810 sibi
1291 2739 1356 2811 ad-

310 2851 472 2940 veniens,
490 2852 568 2924 sine
584 2852 882 2947 compensatione
897 2851 1007 2925 ullius
1022 2853 1110 2924 mali
1127 2875 1355 2946 consequen-

312 2966 373 3054 tis,
390 2989 475 3061 quae
489 2966 578 3039 boni
594 2965 722 3038 frmtio
737 2979 805 3054 est,
822 2967 976 3038 affectus
991 2977 1144 3038 vocatur
1157 2965 1354 3062 gaudiam.

313 3079 453 3152 Contra
469 3090 605 3168 autem,
623 3079 687 3175 qui
709 3080 872 3177 concipit
888 3079 1025 3152 malum
1047 3079 1116 3152 sibi
1140 3079 1355 3151 incumbens

261 3271 265 3278 ,
312 3194 391 3266 sine
413 3205 596 3287 conceptu
617 3193 705 3265 boni
730 3193 833 3289 quod
856 3193 994 3266 malum
1009 3193 1111 3266 illum
1129 3203 1356 3287 compenset,

312 3307 465 3380 affectus
482 3307 562 3401 ejus
578 3319 733 3379 vocatur
749 3307 901 3390 odiam
918 3319 955 3380 et
973 3307 1110 3380 malum
1127 3330 1249 3394 omne,
1267 3329 1356 3402 qua-

313 3433 421 3493 tenus
436 3419 628 3508 incumbit,
646 3419 813 3491 odiosum
830 3419 976 3494 dicitur.
1002 3420 1130 3516 Itaque
1146 3418 1255 3508 mala,
1274 3442 1356 3515 quae

311 3556 432 3630 neque
448 3555 620 3628 superare
634 3555 756 3630 neque
772 3533 910 3606 evitare
925 3555 1131 3629 possumus,
1149 3530 1308 3604 odimus.

116 3670 286 3726 spem
364 3655 398 3720 3.
426 3643 587 3720 Quando
609 3669 698 3718 vero
721 3645 948 3742 concipimus
968 3669 1043 3718 nna
1059 3669 1144 3718 cum
1160 3643 1260 3718 malo
1276 3669 1356 3718 mu-

313 3759 492 3834 tationem
526 3760 605 3855 ejus
639 3782 707 3855 per
740 3758 892 3831 modum
924 3757 1095 3854 aliquem,
1129 3782 1204 3854 quo
1237 3757 1357 3854 ipsum

314 3873 452 3946 malum
465 3871 635 3961 evitetur,
652 3873 808 3944 affectrrs
824 3871 886 3944 ille
902 3871 1020 3943 oritur
1044 3894 1156 3967 quam
1182 3895 1357 3944 vocamus

315 4010 431 4084 spen.
483 3984 669 4072 Similiter,
695 3984 727 4057 si
751 3984 987 4056 incumbente
1011 3983 1109 4057 bono
1131 3984 1357 4080 concipimus

315 4100 467 4174 modum
487 4098 648 4196 aliquem
673 4121 748 4195 quo
774 4096 978 4186 amittatur,
1005 4097 1062 4171 vel
1083 4097 1114 4170 si
1137 4097 1276 4170 malum
1292 4097 1355 4170 aii-

317 4213 697 4310 quodilliconnexum
709 4209 1072 4306 trahiimaginamur,
1083 4221 1200 4284 metus
1210 4210 1355 4285 dicitur.
