2918 4912
285 315 339 367 nu
358 315 466 367 ruer
485 315 752 370 noumonnu
773 317 818 368 ru
839 315 1011 369 servos.
1086 303 1162 372 253

112 506 235 580 neque
253 481 380 557 differt
405 483 527 580 quoad
543 485 717 558 effectum
743 510 766 558 a
783 484 1079 574 manumissione,
1097 483 1164 556 sed
1182 517 1290 569 ΜΤ,
1303 519 1354 570 nr.

112 597 240 693 quoad
256 596 433 669 modum:
460 596 613 670 libertas
631 597 729 670 enim
755 597 817 671 hic
844 597 884 672 in
909 621 1070 694 poenam,
1088 595 1163 670 illic
1203 597 1347 702 „L

112 709 153 781 in
170 709 334 805 gratiam
351 708 440 781 data
456 719 534 792 est;
560 709 760 806 utrobique
777 720 903 783 autem
920 708 1080 782 dominio
1105 732 1164 782 re-

112 822 325 896 nunciatur.
375 821 513 909 Tertio,
531 844 661 896 aeroas
679 823 710 896 si
728 833 857 919 captus
869 821 992 911 fuerit,
1004 831 1165 895 ceteram

112 935 332 1010 servitutem
349 959 445 1008 nova
461 934 594 1008 abolet.
647 935 745 1009 Nam
770 935 920 1009 sicut-et
942 957 1001 1009 res
1019 944 1164 1008 eaeterae

112 1072 255 1138 omnes,
273 1048 327 1120 ita
343 1071 489 1143 quoque
506 1058 544 1120 et
569 1048 664 1121 servi
687 1047 784 1122 bello
801 1047 1053 1145 acquiruntur,
1072 1071 1164 1144 quos

112 1187 264 1259 aequum
280 1172 396 1234 estut
414 1160 582 1234 damiam
595 1173 778 1258 protegat,
797 1163 828 1235 si
854 1185 940 1235 suos
957 1185 1036 1235 esse
1052 1162 1163 1237 volet.

113 1277 272 1364 Quarto,
303 1275 481 1348 liberatur
514 1298 643 1348 sernas
672 1275 905 1372 ignoratione
932 1276 1164 1367 successoris,

113 1401 205 1486 puta
235 1387 415 1461 moriente
450 1387 595 1462 domino
629 1387 707 1461 sine
744 1398 979 1480 testamento,
1010 1399 1049 1463 et
1087 1389 1165 1462 sine

113 1503 275 1579 haerede.
303 1503 423 1576 Nemo
442 1502 540 1575 enirn
558 1501 713 1598 obligari
730 1501 962 1598 intelligitur,
980 1501 1053 1574 nisi
1070 1502 1165 1576 scire

114 1619 235 1714 possit
254 1617 315 1690 cui
331 1616 584 1712 praestandum
597 1615 645 1688 sit
655 1615 756 1711 quod
769 1615 935 1689 debetur.
962 1616 1164 1706 Postremo,

112 1755 258 1819 servos,
278 1729 396 1826 quiin
414 1729 561 1801 vincula
578 1727 786 1824 conjicitur,
803 1728 862 1800 vel
888 1752 1036 1825 quoquo
1053 1729 1164 1802 modo

112 1845 287 1917 libertate
309 1842 493 1938 corporali
522 1841 702 1938 privatur,
721 1842 839 1914 altera
856 1841 919 1915 illa
939 1841 1164 1938 obligatione

111 1957 269 2056 paetitia
285 1956 473 2028 liberatur.
526 1955 613 2028 Non
630 1954 730 2026 enim
746 1953 891 2028 exsistit
914 1966 1075 2052 pactum,
1094 1955 1165 2029 nisi

110 2071 178 2144 ubi
206 2069 412 2168 paciscenti
441 2067 630 2151 creditum
656 2090 727 2140 nec
748 2066 880 2141 violari
905 2077 1030 2163 potest
1059 2067 1163 2157 fides,

113 2209 197 2282 quae
214 2207 294 2256 non
312 2192 369 2255 est
384 2181 522 2255 habita.
573 2179 756 2252 Dominus
773 2192 910 2270 antem,
925 2180 988 2278 qui
1005 2181 1084 2277 ipse
1101 2181 1164 2254 alii

110 2299 240 2387 servit,
270 2320 399 2370 rerem
425 2317 512 2369 suos
538 2317 614 2368 non
644 2303 768 2390 potest
797 2294 851 2370 ita
876 2294 1045 2386 liberare,
1076 2295 1166 2392 quin

110 2433 261 2508 semper
279 2411 354 2483 sint
371 2410 410 2483 in
426 2417 611 2506 potestate
629 2407 768 2480 domini
788 2408 968 2506 supremi.
1010 2409 1108 2483 Nam
1124 2420 1168 2483 ut

111 2548 226 2621 supra
251 2533 440 2597 ostensum
468 2533 537 2612 est,
556 2530 641 2594 sunt
669 2520 761 2594 tales
789 2521 891 2594 serni
917 2546 993 2596 non
1016 2523 1083 2613 sui,
1103 2522 1168 2598 sed

111 2638 255 2712 domini
273 2635 452 2735 supremi.

168 2761 225 2826 10.
257 2750 400 2825 Eodem
437 2748 548 2822 modo
584 2747 790 2844 acquiritur
828 2749 889 2843 jus
923 2748 962 2822 in
995 2748 1168 2822 animalia
1178 2759 1343 2868 &pransu

112 2865 259 2939 ratione
275 2863 453 2950 carentia,
468 2887 542 2958 quo
559 2861 597 2935 in
612 2884 801 2960 personas
817 2861 1032 2946 hominnm;
1058 2863 1167 2936 nimi·
1179 2837 1336 2933 suffit.

111 3003 196 3051 rum
227 2977 368 3050 viribus
404 2987 442 3049 et
471 2975 650 3072 potentiis
684 2975 925 3050 naturalibus.
976 2975 1168 3072 Siquidem

113 3093 214 3165 enim
237 3091 277 3163 in
295 3101 395 3164 statu
410 3090 581 3180 naturali,
607 3101 760 3186 propter
775 3089 913 3162 bellum
940 3090 1105 3164 omnium
1128 3091 1167 3162 in

114 3229 254 3295 omneS,
270 3206 467 3300 subjugare
479 3203 538 3276 vel
552 3203 662 3276 etiam
676 3202 844 3276 occidere
854 3202 1022 3278 homines
1033 3204 1168 3301 cuique

113 3320 259 3392 licitum
271 3318 329 3406 sit,
343 3317 486 3414 quoties
498 3317 538 3389 id
550 3339 617 3389 suo
631 3317 730 3388 bono
741 3315 949 3388 conducere
959 3316 1145 3390 videbitur
1157 3348 1166 3402 ;

113 3433 233 3504 multo
252 3431 369 3527 magis
391 3430 490 3503 idem
501 3429 645 3503 licitum
656 3429 726 3502 erit
740 3427 915 3502 adversus
927 3430 1078 3520 belluas,
1096 3431 1167 3504 hoc

114 3556 184 3634 est,
201 3545 385 3618 arbitratu
402 3566 469 3616 suo
497 3567 559 3616 eas
586 3543 625 3616 in
652 3541 865 3616 servitutem
883 3543 1065 3639 subigere,
1084 3566 1168 3639 quae

114 3681 182 3753 per
210 3658 400 3754 ingenium
430 3657 587 3731 cicurari
615 3669 654 3730 et
679 3657 763 3730 usui
791 3657 860 3730 sibi
890 3680 970 3730 esse
1000 3666 1167 3754 possunt,

115 3782 271 3846 caeteras
294 3771 392 3844 bello
413 3781 594 3866 perpetuo
616 3781 660 3842 ut
686 3769 816 3843 noxias
838 3769 1010 3866 persequi
1035 3780 1075 3842 et
1104 3767 1167 3841 de-

117 3899 272 3959 struere.
324 3884 536 3957 Dominium
553 3883 667 3979 igitur
683 3884 723 3955 in
747 3882 884 3956 bestias
907 3883 1087 3978 originem
1104 3882 1169 3954 ba·

116 4001 181 4073 bet
198 4025 221 4073 a
229 4001 322 4095 jure
333 4009 492 4086 natum,
503 4022 579 4071 non
590 3999 709 4092 ajure
728 3997 852 4069 divino
864 3996 1042 4094 positivo.
1071 3995 1169 4068 Nam

118 4114 149 4186 si
184 4137 260 4186 non
295 4112 493 4186 exstitisset
522 4111 597 4184 tale
628 4111 689 4206 jus
719 4121 805 4183 ante
834 4109 1168 4206 promulgationem

118 4227 322 4323 Scriptnrae
351 4249 477 4314 sacrae,
507 4249 615 4300 nemo
642 4224 726 4321 jure
752 4223 931 4319 potuisset
958 4222 1093 4314 bestias
1120 4221 1169 4295 ad
