2896 4914
229 299 285 352 DE
307 299 413 354 LOCO
432 300 604 357 OBJEG'l'l
621 301 882 376 APPARENTE,
901 305 989 360 ETG.
1087 295 1135 360 45

90 461 224 536 eodem
238 462 353 537 modo
369 486 441 561 quo
459 463 757 540 diminuebantur
783 477 870 542 ante
891 489 959 563 per
976 464 1135 540 diminu-
1176 509 1272 560 ποτ,
1284 509 1323 562 1„

89 576 234 650 tionem
262 577 412 674 objecti,
443 577 589 676 quando
622 603 691 678 pro
721 580 792 654 EF
819 581 965 677 objecto
995 581 1135 678 majore
1179 587 1323 694 ,ξω

90 691 315 787 sumpsimus
332 692 417 765 HK
435 693 620 789 objectum
643 693 776 770 minus.
828 694 1028 791 Nunquam
1046 717 1135 791 ergo

89 827 157 901 per
173 805 421 880 remotionem
441 805 577 904 objecti
604 817 924 904 quantamcunque
949 807 1003 882 ita
1028 807 1136 882 dimi-

89 917 220 990 nuitur
237 918 393 1014 angulus
409 919 578 1010 visorius,
595 929 638 994 ut
659 919 758 995 linea
779 919 927 996 visualis
952 917 1136 1018 producta

91 1031 193 1104 intra
219 1032 409 1127 speculum
437 1041 536 1106 secet
563 1043 629 1106 aut
658 1043 788 1130 tangat
823 1033 1000 1110 circulum
1029 1034 1136 1108 LM:

93 1167 240 1242 semper
265 1155 402 1236 tamen,
420 1145 542 1244 quoad
568 1147 725 1242 angulus
751 1147 846 1221 ullus
872 1147 931 1239 sit,
949 1147 1067 1244 magis
1089 1147 1138 1222 ad

93 1283 178 1332 eum
197 1259 377 1333 circulum
394 1257 557 1334 accedet.
609 1259 744 1335 Deficit
759 1283 848 1356 ergo
866 1261 1023 1356 angulus
1041 1261 1137 1340 viso-

94 1374 169 1446 rius
186 1395 256 1470 per
272 1371 454 1446 infinitam
480 1372 725 1448 remotionem
748 1373 788 1447 in
811 1373 935 1450 media
960 1373 1137 1449 distantia

94 1487 192 1560 inter
203 1485 383 1560 verticem
396 1486 547 1585 speculi,
564 1495 602 1560 et
619 1497 787 1562 centrum
804 1487 981 1584 ejusdem.
1025 1487 1137 1564 Guod

96 1612 174 1674 erat
189 1599 436 1697 probandum.

145 1723 180 1787 5.
207 1713 329 1786 Locus
346 1713 527 1810 imaginis,
546 1712 585 1787 id
601 1725 658 1789 est
673 1714 775 1789 locus
793 1715 930 1812 obJ'ecti
942 1737 1135 1814 apparens,
1150 1725 1338 1850 ww·

95 1852 160 1924 per
181 1827 421 1901 reflexionem
447 1853 470 1902 a
499 1827 648 1926 speculo
679 1852 842 1904 convexo
869 1829 1054 1928 quomodo
1080 1806 1343 1916 ἱιι-,ιιιιιιιῖῗέἷιῖἶιῖΙ

97 1940 297 2014 veniendus
314 1939 372 2014 sit.
1150 1922 1354 2032 ἷωᾞῗῗζ

145 2056 203 2129 Sit
229 2055 285 2149 (in
304 2056 368 2151 fig.
392 2055 431 2150 5)
460 2055 649 2151 speculum
676 2055 810 2146 ABC,
836 2057 941 2154 cujus
970 2069 1140 2132 centrum
1152 2053 1316 2098 'Mul‘

98 2170 140 2258 D,
158 2168 289 2243 oculus
305 2169 515 2264 ubicunque
532 2169 572 2243 in
589 2171 632 2244 G.
685 2171 816 2269 Itaque
842 2169 955 2247 ducta
971 2171 1051 2246 GD
1068 2173 1140 2248 erit

98 2283 192 2356 oculi
209 2282 525 2379 perpendiculum.
570 2283 699 2380 Sitque
716 2284 900 2382 objectum
919 2285 993 2377 lE,
1012 2309 1140 2362 secans

99 2397 173 2470 GD
191 2398 232 2470 in
246 2397 285 2470 F.
339 2396 395 2470 Sit
425 2395 537 2470 ducta
564 2397 627 2471 ΙΑ
643 2395 818 2496 parallelo
835 2399 932 2474 oculi
948 2400 1142 2498 perpendi·

99 2513 178 2585 culo
196 2512 232 2584 D
245 2510 290 2600 G,
309 2534 391 2607 quae
415 2510 454 2585 in
482 2511 622 2607 speculi
649 2513 879 2609 superficiem
904 2513 964 2586 vel
990 2512 1140 2604 incidet,

98 2627 153 2698 vel
169 2626 289 2722 ipsam
307 2635 446 2722 tanget,
465 2626 522 2698 vel
539 2637 645 2700 extra
661 2626 849 2722 speculum
864 2637 946 2700 tota
959 2627 1039 2702 erit.

146 2740 270 2813 Primo
288 2738 336 2812 sit
351 2751 533 2836 punctum
549 2740 584 2814 A
603 2739 643 2813 in
668 2740 862 2837 superficie
879 2741 1029 2836 speculi,
1048 2739 1140 2815 divi-

99 2876 209 2948 saque
227 2853 262 2926 D
276 2852 307 2925 B
325 2852 492 2926 bifariam
505 2853 545 2929 in
564 2853 614 2944 H,
632 2852 791 2929 ducatur
803 2853 838 2926 A
852 2854 903 2928 Η.
946 2855 1142 2950 Ductoque

97 2968 199 3040 radio
218 2990 437 3064 quoeunque
465 2968 483 3040 I
498 2969 545 3054 K,
563 2967 617 3041 ita
638 2979 682 3042 ut
697 2969 911 3043 reflectatur
927 2969 977 3044 ad
994 2968 1142 3043 oculum

98 3083 135 3154 in
161 3083 206 3172 G,
234 3080 462 3178 producetur
491 3081 570 3155 GK
599 3081 717 3156 donec
744 3093 916 3158 occurrat
940 3083 975 3158 A
989 3083 1026 3157 H
1045 3083 1085 3157 in
1098 3084 1141 3158 L.

99 3195 276 3269 Similiter
302 3219 326 3267 a
351 3195 629 3293 quibuscunque
655 3196 737 3270 aliis
759 3197 909 3294 punctis
933 3197 1080 3293 objecti,
1098 3209 1142 3272 ut

98 3310 137 3382 M
154 3310 215 3382 vel
239 3310 282 3398 Ε,
311 3307 496 3384 ducantur
521 3309 783 3407 perpendiculo
805 3311 903 3386 oculi
926 3310 1003 3386 DG
1025 3335 1142 3408 usque

98 3424 143 3496 ed
153 3422 345 3520 speculum
358 3422 400 3495 M
414 3423 462 3512 N,
480 3423 510 3495 E
523 3421 553 3496 C
565 3424 761 3519 parallelae,
776 3435 815 3499 et
826 3422 921 3498 radii
931 3424 1143 3498 incidentiae

99 3538 138 3610 M
152 3540 192 3626 P,
226 3537 317 3625 ΕΟ,
347 3537 410 3633 qui
437 3536 677 3612 reflectantur
705 3538 755 3613 ad
780 3540 824 3613 G.
874 3538 924 3612 Et
952 3538 1142 3635 productis

99 3652 170 3724 GP
196 3661 234 3723 et
252 3650 330 3724 GO
348 3649 397 3724 ad
414 3673 609 3724 occursum
639 3675 725 3726 cum
750 3651 862 3727 rectis
890 3651 988 3742 HN,
1007 3651 1087 3726 HC
1104 3653 1142 3724 in

97 3764 246 3860 punctis
257 3764 295 3838 Q
312 3773 351 3838 et
367 3764 413 3852 R,
432 3774 541 3838 erunt
558 3763 596 3840 Q
609 3775 646 3838 et
664 3765 698 3838 R
714 3765 797 3840 loca
813 3763 1014 3861 imaginum
1026 3789 1143 3861 pune-

99 3887 222 3951 torum
240 3877 376 3973 objecti
394 3878 435 3950 M
453 3890 491 3951 et
506 3878 551 3954 ll.
604 3879 780 3954 Similiter
803 3879 960 3953 inveniri
987 3891 1143 3976 possunt

98 3991 180 4064 loca
209 3991 414 4087 imaginum
443 3992 608 4066 omnium
636 4003 871 4089 punctorum,
890 4016 973 4090 quae
991 4003 1077 4068 sunt
1103 3993 1142 4067 in

100 4107 248 4202 objecto
266 4106 338 4196 IE,
355 4107 396 4180 in
412 4106 512 4180 linea
529 4106 663 4182 LQR.

141 4220 372 4296 Producatur
381 4221 479 4296 enim
492 4221 558 4296 Fll
571 4221 611 4296 in
625 4221 669 4313 T,
679 4232 723 4297 nt
736 4222 811 4313 FT,
826 4221 878 4297 ΡΙ
888 4221 963 4296 sint
972 4221 1143 4320 aequales,
