2918 4912
303 301 357 352 nu
378 300 557 352 uncinus
578 299 755 353 ussurus
772 299 983 362 nnnrours.
1090 281 1158 362 187

116 478 159 540 ut
173 465 280 562 lapis,
292 466 356 561 qui
372 489 449 562 prae
459 467 580 562 figura
596 489 729 562 aspera
745 477 783 540 et
799 466 976 562 angulosa
987 466 1070 564 plus
1087 466 1161 540 loci
1190 494 1288 546 secr.
1301 493 1355 546 ιιι.

117 579 261 653 caeteris
285 579 407 652 aufert
430 603 541 674 quam
566 579 645 676 ipse
662 578 803 676 implet,
820 603 940 677 neque
952 602 1031 677 prae
1047 583 1162 654 mute·
1200 573 1345 678 ,ξύ

115 694 181 766 riae
207 693 344 766 duritie
369 693 562 789 comprimi
581 693 639 766 vel
664 693 781 766 secari
808 693 915 766 facile
941 703 1075 790 potest,
1093 715 1162 766 nec

116 806 370 905 compaginari
387 806 582 880 aedificium
599 805 700 894 sinit,
718 816 894 902 tanquam
912 806 1162 880 incommodus

116 922 311 1018 abjicitur;
338 921 392 993 ita
408 921 533 1010 homo,
551 919 614 1016 qui
631 943 708 1016 prae
725 919 864 1015 ingenii
881 919 1091 1016 asperitate,
1105 942 1163 993 re-

117 1036 230 1108 tentis
243 1034 439 1131 superfluis
465 1033 547 1123 sibi,
560 1034 768 1106 neccssaria
784 1034 864 1106 aliis
882 1033 1024 1124 adimit,
1042 1056 1163 1130 neque

115 1171 195 1244 prae
221 1149 425 1220 affectuum
452 1146 684 1220 contumacia
705 1146 841 1244 corrigi
866 1157 1002 1243 potest,
1020 1147 1163 1220 caeteris

118 1261 371 1335 incommodus
389 1260 636 1356 molestusque
654 1260 728 1332 dici
745 1259 850 1332 solet.
888 1260 1073 1335 Quoniam
1086 1263 1165 1357 jam

117 1375 373 1471 unusquisque
390 1397 466 1447 non
479 1374 572 1467 jure
584 1373 708 1460 modo,
726 1372 791 1446 sed
809 1373 921 1447 etiam
938 1375 1165 1446 necessitate

118 1487 293 1562 naturali
317 1489 405 1562 totis
422 1487 562 1561 viribus
579 1488 619 1561 in
642 1487 681 1559 id
703 1487 915 1560 incumbere
932 1485 1164 1583 supponitur,

117 1615 161 1677 ut
178 1601 386 1676 necessaria
410 1600 459 1673 ad
486 1599 542 1672 sui
568 1601 884 1674 conservationem
907 1609 1164 1696 consequatur,

118 1716 248 1814 siquis
265 1715 357 1788 velit
373 1738 441 1810 pro
459 1713 653 1810 superfluis
667 1723 798 1786 contra
814 1712 1050 1802 contendere,
1067 1711 1165 1784 illius

118 1830 230 1926 culpa
249 1829 389 1901 orietur
399 1826 562 1910 bellum;
588 1838 785 1923 propterea
802 1825 903 1923 quod
915 1825 968 1898 illi
979 1825 1048 1899 soli
1065 1825 1167 1899 nulla

119 1942 291 2018 certandi
303 1941 540 2014 incumbebat
556 1939 763 2012 necessitas.
815 1937 917 2012 Facit
930 1962 1019 2035 ergo
1036 1951 1168 2012 contra

119 2053 744 2154 legemuaturoesuudamentulem.
764 2053 873 2127 Unde
884 2053 1059 2149 sequitur,
1067 2052 1167 2148 quod

119 2169 393 2244 ostendendum
407 2179 498 2256 erat,
508 2177 736 2264 praeceptum
749 2178 892 2240 naturae
906 2191 997 2256 esse,
1002 2178 1046 2240 ut
1054 2189 1167 2239 unus-

120 2284 279 2380 quisque
297 2306 336 2354 se
359 2281 500 2355 caeteris
518 2290 670 2376 praestet
687 2279 933 2354 commodum.
987 2280 1061 2354 Qui
1079 2303 1166 2354 vero

120 2398 246 2495 legem
277 2397 373 2469 hanc
395 2396 522 2484 violat,
551 2393 799 2466 incommodus
826 2403 864 2466 et
893 2393 1069 2467 molestus
1097 2391 1170 2466 dici

120 2519 259 2608 potest.
313 2509 442 2582 Cicero
467 2520 591 2580 tamen
617 2506 803 2580 commodo
822 2507 977 2603 opponit
1004 2507 1169 2580 inhuma-

121 2649 220 2713 num,
235 2633 413 2718 tanquam
431 2620 479 2694 ad
495 2621 591 2693 hanc
609 2620 726 2716 ipsam
743 2619 862 2715 legem
880 2619 1109 2716 adspectans

178 2745 237 2810 10.
265 2736 374 2832 Legis
390 2746 533 2807 naturae
552 2733 721 2830 quintum
731 2741 957 2828 praeceptum
974 2743 1040 2821 est,
1059 2755 1172 2830 opor·
1184 2751 1328 2828 effantur·

123 2861 206 2922 tere
236 2848 398 2920 alterum
425 2845 552 2934 alteri,
577 2855 699 2918 sumta
729 2845 903 2918 cautione
914 2847 1052 2941 saturi
1082 2817 1337 2926 tem-ffioi's.

119 2963 247 3062 poris,
260 2959 457 3060 preteriti
470 2959 626 3047 verrium,
634 2958 784 3054 petenti
802 2968 840 3030 ct
852 2959 1068 3056 poeru'teuti,
1085 2984 1172 3032 con-

123 3075 274 3150 cedere.
350 3074 466 3146 Venia
499 3071 677 3168 praeteriti
711 3072 787 3144 sive
823 3072 989 3146 remissio
1025 3075 1173 3147 offensae

123 3191 219 3264 nihil
250 3188 353 3262 aliud
378 3198 433 3260 est
462 3209 573 3281 quam
603 3184 667 3274 illi,
697 3184 773 3281 qui,
800 3209 884 3258 cum
912 3186 1099 3260 lacesserit
1125 3187 1173 3260 ad

122 3304 276 3391 bellum,
291 3301 381 3374 facti
406 3300 590 3396 poenitens
618 3322 748 3394 pacem
777 3310 871 3388 orat,
886 3324 968 3397 pax
986 3324 1170 3374 concessa.

125 3419 203 3490 Pax
231 3426 355 3488 autem
382 3435 556 3486 concessa
582 3434 657 3484 non
682 3413 888 3507 poenitenti,
912 3413 982 3486 boc
1008 3425 1075 3497 est,
1094 3415 1173 3488 ani-

124 3553 230 3602 mum
247 3527 420 3601 hostilem
437 3525 626 3614 retinenti,
644 3527 703 3598 vel
720 3525 836 3598 futuri
854 3527 1030 3622 temporis
1056 3529 1173 3602 cauti-

126 3667 238 3717 onem
254 3665 331 3714 non
349 3640 463 3730 danti,
481 3639 552 3713 hoc
566 3650 634 3727 est,
651 3662 726 3712 non
737 3662 867 3735 pacem
880 3641 946 3712 sed
959 3642 1174 3738 opportuni-

127 3766 245 3829 tatem
276 3753 453 3851 captanti,
483 3776 559 3826 non
588 3762 644 3824 est
668 3776 765 3849 pax,
794 3752 859 3825 sed
888 3763 1029 3826 metus:
1054 3777 1174 3849 neque

125 3868 242 3965 igitur
260 3891 283 3940 a
298 3866 664 3964 naturapraecipitur.
702 3865 884 3939 Caeterum
902 3868 965 3963 qui
977 3867 1174 3964 poenitenti

128 3996 165 4054 et
182 3982 230 4054 de
247 3981 375 4054 firturo
394 3979 602 4053 cautionem
622 3977 825 4069 adhibenti,
853 3981 947 4054 nolit
969 3981 1173 4076 ignoscere,

128 4096 162 4168 ei
179 4119 254 4192 pax
271 4094 353 4190 ipsa
370 4116 444 4167 non
461 4093 604 4189 plaeet;
632 4091 732 4187 quod
749 4102 804 4166 est
821 4106 951 4168 contra
968 4092 1089 4192 legem
1107 4120 1174 4168 no-

129 4207 303 4282 ruralem.
