2912 4912
203 328 259 380 DE
279 327 388 380 LEGE
406 327 585 380 NATURAE
605 325 727 379 chcA
748 325 1031 380 conpunctus.
1087 305 1156 386 175

110 494 274 571 babeant
299 503 388 568 voto
404 504 443 570 et
463 503 584 593 pocta
596 493 778 592 ejusmodi
795 493 1027 592 expendendi
1043 503 1081 568 et
1098 517 1159 568 ae·
1186 521 1284 576 anor.
1299 521 1351 576 nr.

109 609 300 707 ceptandi,
317 619 495 705 tanquam
511 607 607 682 illius
624 609 744 682 vicem
759 619 940 706 gerentes.
1196 601 1341 708 ,ξω

164 731 223 798 13.
253 721 328 806 Qui
351 721 465 820 igitur
487 723 526 796 in
552 733 652 796 statu
676 732 819 797 noturae
840 722 1033 796 constituti
1059 733 1156 816 sunt,
1198 733 1339 844 {ph

108 837 174 912 ubi
191 836 298 910 nulla
314 846 489 910 tenentur
514 837 596 933 lege
618 835 737 924 civile,
762 836 833 910 nisi
858 835 929 910 illis
954 836 1158 912 certissima

108 951 331 1027 revelationi
357 950 527 1024 voluntas
555 951 625 1026 Dei
648 961 774 1024 votum
790 949 850 1023 vel
870 958 1026 1048 pactum
1050 973 1157 1026 suum

107 1063 330 1161 accipientis
355 1063 503 1160 cognita
526 1063 586 1154 sit,
613 1063 751 1137 frustra
773 1073 918 1137 vovent.
970 1063 1161 1162 Siquidem

109 1179 210 1254 enim
229 1176 271 1250 id
287 1177 388 1274 quod
404 1185 534 1250 voveat
551 1187 682 1251 eontra
702 1177 823 1274 legem
838 1187 982 1252 naturae
999 1177 1060 1267 sit,
1083 1201 1160 1252 non

109 1304 292 1366 tenentur
320 1298 406 1365 voto
417 1320 432 1376 ,·
474 1291 561 1388 quia
594 1291 763 1365 illicitum
796 1301 971 1388 praestare
1012 1303 1161 1365 tenetur

110 1431 248 1490 nemo;
274 1404 306 1478 si
331 1427 418 1478 vero
442 1403 482 1477 id
501 1402 602 1500 quod
623 1413 759 1477 vovent
778 1403 862 1501 lege
879 1403 1002 1500 ulique
1017 1414 1160 1478 naturae

110 1526 344 1618 praeceptum
368 1517 429 1606 sit,
456 1541 527 1589 non
546 1525 642 1604 noto,
668 1515 733 1588 sed
756 1515 835 1613 ipsa
862 1527 1036 1590 tenentur
1053 1515 1160 1614 lege,-

112 1633 171 1708 sin
187 1632 348 1706 liberum
373 1643 460 1704 ante
477 1639 598 1704 votum
619 1631 679 1720 sit,
704 1629 827 1704 faeere
847 1630 906 1703 vel
929 1655 1004 1704 nou
1026 1630 1160 1720 faeere,

111 1747 268 1821 libertas
282 1755 423 1828 manet;
441 1754 594 1840 propter
609 1767 652 1816 ea
665 1743 777 1840 quod,
790 1753 833 1817 ut
846 1744 1052 1842 obligemur
1062 1751 1160 1834 voto,

112 1859 320 1957 requiritur
328 1859 498 1932 voluntas
510 1857 707 1954 obligantis
717 1870 843 1954 aperte
854 1858 1162 1956 signifieota,quae

114 1975 154 2048 in
180 1997 273 2046 casu
296 1971 486 2068 proposito
512 1969 731 2067 supponitur
752 1994 828 2044 non
850 1971 991 2048 baberi.
1058 1969 1147 2044 obl·

113 2095 273 2186 guatem
289 2094 413 2158 autem
428 2107 521 2157 voco
544 2083 659 2174 illum,
688 2083 751 2156 cui
774 2083 907 2181 uliquis
932 2095 1081 2160 tenetur
1105 2083 1164 2158 vel

116 2199 329 2296 obligatur:
356 2196 564 2296 obligatum
580 2220 668 2272 vero
685 2221 781 2288 eum,
799 2199 862 2295 qui
878 2209 1038 2274 tenetur.

174 2321 234 2386 14.
262 2311 375 2386 Pacta
407 2311 502 2384 fiunt
530 2309 578 2384 de
606 2311 815 2386 actionibus
844 2311 916 2386 illia
950 2313 1049 2402 solis,
1080 2335 1163 2410 quoe
1176 2335 1245 2382 rou
1258 2333 1318 2382 ua·

117 2426 261 2502 eadunt
287 2425 355 2498 sub
381 2423 694 2498 deliberationem.
747 2425 873 2500 Paetio
901 2427 1000 2500 enim
1027 2451 1103 2500 non
1120 2427 1164 2500 fit
1175 2413 1379 2526 ffi'flbffi

117 2542 199 2616 sine
213 2539 405 2613 voluntate
421 2537 652 2634 paciscentis.
680 2538 861 2612 Voluntas
874 2551 997 2614 autem
1011 2540 1163 2614 ultimus

117 2666 226 2730 aetus
244 2661 301 2725 est
331 2649 580 2724 deliberantis,
633 2651 729 2725 Sunt
747 2675 835 2748 ergo
855 2653 902 2726 de
912 2651 1164 2753 possibilibus

118 2777 267 2844 tautam
284 2765 492 2863 etfuturia.
544 2765 664 2838 Nemo
682 2765 797 2862 igitur
812 2777 922 2862 paeto
941 2791 1007 2841 suo
1025 2766 1166 2864 obligat

119 2906 160 2956 se
195 2879 245 2954 ad
278 2877 513 2976 impossibile.
566 2879 753 2954 Quoniam
786 2890 910 2955 autem
944 2881 1166 2978 paciscimur

120 2993 324 3091 saepissime
335 3014 397 3066 eus
408 3014 479 3082 res,
495 3015 577 3088 quae
586 2991 777 3088 possibiles
791 3005 870 3067 tum
881 2992 1066 3084 videntur,
1080 3017 1166 3068 cum

120 3105 386 3206 promittimus,
411 3128 502 3201 quos
519 3115 643 3178 tamen
669 3117 755 3201 post
772 3117 917 3180 constat
934 3130 1013 3181 esse
1031 3107 1167 3204 impos-

122 3221 260 3310 sibiles,
271 3241 348 3292 nou
365 3216 449 3292 ideo
467 3217 568 3292 omni
586 3217 1029 3316 obligationeliberamur.
1057 3221 1167 3296 Ratio

123 3337 228 3432 eujus
246 3333 301 3408 rei
314 3355 359 3406 ea
375 3343 442 3421 est,
456 3331 557 3430 quod
572 3332 604 3406 is
621 3333 684 3430 qui
700 3333 867 3408 futurum
884 3335 1066 3409 incertum
1081 3359 1168 3432 pro-

122 3447 253 3536 mittit,
274 3446 494 3520 beneficium
516 3469 680 3543 praesens
709 3471 753 3520 ea
778 3447 859 3544 lege
877 3448 1012 3545 accipit
1028 3460 1071 3523 ut
1088 3473 1169 3522 mu-

124 3574 234 3636 tuum
263 3559 408 3635 reddat.
460 3560 641 3634 Voluntas
676 3561 774 3634 enim
804 3563 882 3658 ejus
913 3563 977 3658 qui
1007 3587 1169 3660 praesens

124 3673 346 3749 beneficium
368 3684 533 3770 preesset,
556 3696 624 3770 pro
648 3673 794 3770 objecto
822 3675 1038 3771 simpliciter
1058 3677 1170 3750 habet

125 3789 259 3862 bonum
276 3786 363 3876 ribi,
377 3787 505 3882 quanti
522 3797 602 3860 erat
618 3811 677 3860 res
687 3789 888 3885 promissa;
914 3789 1032 3886 ipsam
1046 3800 1169 3864 autem

126 3924 205 3975 rem
223 3924 301 3974 non
319 3899 544 3996 simpliciter,
563 3898 628 3972 sed
644 3900 675 3972 si
702 3901 783 3975 fieri
799 3912 933 3998 potest.
985 3902 1122 3975 Verum
1141 3901 1172 3976 si
1259 3925 1265 3938 ·

129 4011 275 4088 aecidat
302 4035 423 4108 neque
451 4009 490 4083 id
516 4011 690 4108 possibile
717 4037 808 4104 esse,
835 4013 1086 4112 praestoudum
1114 4025 1172 4088 est

130 4138 314 4223 quantum
340 4125 508 4222 praestari
533 4135 667 4222 potest.
720 4127 897 4224 Obligant
922 4125 1034 4226 igitur
1063 4140 1173 4225 pacta

130 4264 205 4316 non
223 4240 408 4336 adipsum
425 4261 504 4314 rem
515 4249 676 4337 pactam,
692 4239 756 4314 sed
778 4239 826 4316 ad
848 4265 1031 4316 summum
1062 4265 1170 4316 oona·
