<?xml version="1.0" encoding="UTF-8"?>
<!DOCTYPE html PUBLIC "-//W3C//DTD XHTML 1.0 Transitional//EN"
    "http://www.w3.org/TR/xhtml1/DTD/xhtml1-transitional.dtd">
<html xmlns="http://www.w3.org/1999/xhtml" xml:lang="en" lang="en">
 <head>
  <title>
</title>
<meta http-equiv="Content-Type" content="text/html;charset=utf-8" />
  <meta name='ocr-system' content='tesseract 3.04.00' />
  <meta name='ocr-capabilities' content='ocr_page ocr_carea ocr_par ocr_line ocrx_word'/>
</head>
<body>
  <div class='ocr_page' id='page_1' title='image "./thomhobbesmalme09hobbgoog_0045.png"; bbox 0 0 2896 4914; ppageno 0'>
   <div class='ocr_carea' id='block_1_1' title="bbox 323 297 963 378">
    <p class='ocr_par' dir='ltr' id='par_1_1' title="bbox 323 297 963 378">
     <span class='ocr_line' id='line_1_1' title="bbox 323 297 963 378; baseline 0.002 -14"><span class='ocrx_word' id='word_1_1' title='bbox 323 297 370 364; x_wconf 83' lang='grc'>30</span> <span class='ocrx_word' id='word_1_2' title='bbox 444 371 447 378; x_wconf 22' lang='lat'><strong>⁴</strong></span> <span class='ocrx_word' id='word_1_3' title='bbox 708 312 770 366; x_wconf 84' lang='lat' dir='ltr'>nn</span> <span class='ocrx_word' id='word_1_4' title='bbox 782 314 963 372; x_wconf 76' lang='lat' dir='ltr'>nonme.</span> 
     </span>
    </p>
   </div>
   <div class='ocr_carea' id='block_1_2' title="bbox 122 479 1432 2862">
    <p class='ocr_par' dir='ltr' id='par_1_2' title="bbox 138 479 1360 578">
     <span class='ocr_line' id='line_1_2' title="bbox 138 479 1360 578; baseline 0.005 -28"><span class='ocrx_word' id='word_1_5' title='bbox 138 511 235 562; x_wconf 61' lang='lat' dir='ltr'>saep,</span> <span class='ocrx_word' id='word_1_6' title='bbox 249 513 287 565; x_wconf 75' lang='lat'>11,</span> <span class='ocrx_word' id='word_1_7' title='bbox 322 479 430 552; x_wconf 88' lang='lat' dir='ltr'>lineae</span> <span class='ocrx_word' id='word_1_8' title='bbox 448 487 569 570; x_wconf 88' lang='lat' dir='ltr'>rectae,</span> <span class='ocrx_word' id='word_1_9' title='bbox 587 481 835 578; x_wconf 87' lang='lat' dir='ltr'>pyramidica;</span> <span class='ocrx_word' id='word_1_10' title='bbox 862 482 919 556; x_wconf 89' lang='lat' dir='ltr'>sin</span> <span class='ocrx_word' id='word_1_11' title='bbox 936 481 1119 578; x_wconf 90' lang='lat' dir='ltr'>objectum</span> <span class='ocrx_word' id='word_1_12' title='bbox 1141 481 1360 556; x_wconf 82' lang='lat' dir='ltr'><strong>terminetur</strong></span> 
     </span>
    </p>

    <p class='ocr_par' dir='ltr' id='par_1_3' title="bbox 137 591 1359 692">
     <span class='ocr_line' id='line_1_3' title="bbox 137 591 1359 692; baseline 0.003 -28"><span class='ocrx_word' id='word_1_13' title='bbox 137 591 279 692; x_wconf 34' lang='grc' dir='ltr'>»ᾗ</span> <span class='ocrx_word' id='word_1_14' title='bbox 321 591 563 690; x_wconf 83' lang='lat' dir='ltr'>undequaque</span> <span class='ocrx_word' id='word_1_15' title='bbox 584 593 623 666; x_wconf 93' lang='lat' dir='ltr'>in</span> <span class='ocrx_word' id='word_1_16' title='bbox 641 594 934 669; x_wconf 84' lang='lat' dir='ltr'>circumferentia</span> <span class='ocrx_word' id='word_1_17' title='bbox 950 594 1087 685; x_wconf 71' lang='lat' dir='ltr'>emenii,</span> <span class='ocrx_word' id='word_1_18' title='bbox 1101 619 1239 680; x_wconf 87' lang='lat' dir='ltr'>ccnus;</span> <span class='ocrx_word' id='word_1_19' title='bbox 1266 619 1359 691; x_wconf 91' lang='lat' dir='ltr'>quo-</span> 
     </span>
    </p>

    <p class='ocr_par' dir='ltr' id='par_1_4' title="bbox 124 706 1358 808">
     <span class='ocr_line' id='line_1_4' title="bbox 124 706 1358 808; baseline 0.006 -34"><span class='ocrx_word' id='word_1_20' title='bbox 124 732 307 790; x_wconf 74' lang='lat' dir='ltr'>Naturapicturae</span> <span class='ocrx_word' id='word_1_21' title='bbox 320 706 577 804; x_wconf 89' lang='lat' dir='ltr'>modocunque</span> <span class='ocrx_word' id='word_1_22' title='bbox 607 718 730 782; x_wconf 87' lang='lat' dir='ltr'>autem</span> <span class='ocrx_word' id='word_1_23' title='bbox 755 710 938 808; x_wconf 82' lang='lat' dir='ltr'>obJ&#39;ectum</span> <span class='ocrx_word' id='word_1_24' title='bbox 957 707 1186 799; x_wconf 88' lang='lat' dir='ltr'>terminetur,</span> <span class='ocrx_word' id='word_1_25' title='bbox 1204 711 1358 805; x_wconf 84' lang='lat' dir='ltr'>superfi-</span> 
     </span>
    </p>

    <p class='ocr_par' dir='ltr' id='par_1_5' title="bbox 122 800 1357 1033">
     <span class='ocr_line' id='line_1_5' title="bbox 122 800 1357 920; baseline 0.003 -27"><span class='ocrx_word' id='word_1_26' title='bbox 122 800 295 920; x_wconf 55' lang='lat' dir='ltr'>ffiffissn</span> <span class='ocrx_word' id='word_1_27' title='bbox 320 821 395 894; x_wconf 89' lang='lat' dir='ltr'>cies</span> <span class='ocrx_word' id='word_1_28' title='bbox 411 822 477 894; x_wconf 89' lang='lat' dir='ltr'>fiet</span> <span class='ocrx_word' id='word_1_29' title='bbox 499 822 717 913; x_wconf 88' lang='lat' dir='ltr'>acuminata,</span> <span class='ocrx_word' id='word_1_30' title='bbox 743 847 853 919; x_wconf 88' lang='lat' dir='ltr'>quam</span> <span class='ocrx_word' id='word_1_31' title='bbox 868 822 978 896; x_wconf 89' lang='lat' dir='ltr'>liceat</span> <span class='ocrx_word' id='word_1_32' title='bbox 993 820 1083 894; x_wconf 92' lang='lat' dir='ltr'>mihi</span> <span class='ocrx_word' id='word_1_33' title='bbox 1105 821 1275 896; x_wconf 91' lang='lat' dir='ltr'>hocloco</span> <span class='ocrx_word' id='word_1_34' title='bbox 1293 847 1357 919; x_wconf 87' lang='lat' dir='ltr'>ap-</span> 
     </span>
     <span class='ocr_line' id='line_1_6' title="bbox 317 935 742 1033; baseline 0 -25"><span class='ocrx_word' id='word_1_35' title='bbox 317 935 454 1030; x_wconf 90' lang='lat' dir='ltr'>pellare</span> <span class='ocrx_word' id='word_1_36' title='bbox 470 935 742 1033; x_wconf 84' lang='lat' dir='ltr'>pyramidicam.</span> 
     </span>
    </p>

    <p class='ocr_par' dir='ltr' id='par_1_6' title="bbox 308 1046 1432 2862">
     <span class='ocr_line' id='line_1_7' title="bbox 367 1046 1357 1146; baseline -0.001 -24"><span class='ocrx_word' id='word_1_37' title='bbox 367 1049 604 1124; x_wconf 82' lang='lat' dir='ltr'>Manifestum</span> <span class='ocrx_word' id='word_1_38' title='bbox 620 1049 706 1124; x_wconf 91' lang='lat' dir='ltr'>hinc</span> <span class='ocrx_word' id='word_1_39' title='bbox 724 1060 791 1141; x_wconf 85' lang='lat' dir='ltr'>est,</span> <span class='ocrx_word' id='word_1_40' title='bbox 807 1047 906 1146; x_wconf 94' lang='lat' dir='ltr'>quod</span> <span class='ocrx_word' id='word_1_41' title='bbox 923 1049 953 1124; x_wconf 84' lang='lat' dir='ltr'>si</span> <span class='ocrx_word' id='word_1_42' title='bbox 970 1047 1051 1145; x_wconf 91' lang='lat' dir='ltr'>quis</span> <span class='ocrx_word' id='word_1_43' title='bbox 1060 1048 1158 1123; x_wconf 87' lang='lat' dir='ltr'>inter</span> <span class='ocrx_word' id='word_1_44' title='bbox 1170 1046 1357 1145; x_wconf 85' lang='lat' dir='ltr'>objectum</span> 
     </span>
     <span class='ocr_line' id='line_1_8' title="bbox 318 1162 1354 1262; baseline 0 -26"><span class='ocrx_word' id='word_1_45' title='bbox 318 1162 561 1261; x_wconf 89' lang='lat' dir='ltr'>quodcunque</span> <span class='ocrx_word' id='word_1_46' title='bbox 578 1175 617 1238; x_wconf 90' lang='lat' dir='ltr'>et</span> <span class='ocrx_word' id='word_1_47' title='bbox 626 1165 773 1239; x_wconf 91' lang='lat' dir='ltr'>oculum</span> <span class='ocrx_word' id='word_1_48' title='bbox 783 1164 935 1262; x_wconf 91' lang='lat' dir='ltr'>planum</span> <span class='ocrx_word' id='word_1_49' title='bbox 951 1163 1107 1238; x_wconf 86' lang='lat' dir='ltr'>erexerit</span> <span class='ocrx_word' id='word_1_50' title='bbox 1120 1163 1354 1259; x_wconf 86' lang='lat' dir='ltr'>diaphanum,</span> 
     </span>
     <span class='ocr_line' id='line_1_9' title="bbox 316 1276 1357 1378; baseline 0.003 -30"><span class='ocrx_word' id='word_1_51' title='bbox 316 1277 419 1378; x_wconf 89' lang='lat' dir='ltr'>cujus</span> <span class='ocrx_word' id='word_1_52' title='bbox 437 1278 645 1377; x_wconf 86' lang='lat' dir='ltr'>superficies</span> <span class='ocrx_word' id='word_1_53' title='bbox 664 1278 779 1352; x_wconf 88' lang='lat' dir='ltr'>divisa</span> <span class='ocrx_word' id='word_1_54' title='bbox 805 1278 906 1352; x_wconf 90' lang='lat' dir='ltr'>sitin</span> <span class='ocrx_word' id='word_1_55' title='bbox 929 1276 1035 1352; x_wconf 87' lang='lat' dir='ltr'>valde</span> <span class='ocrx_word' id='word_1_56' title='bbox 1059 1277 1193 1352; x_wconf 85' lang='lat' dir='ltr'>multas</span> <span class='ocrx_word' id='word_1_57' title='bbox 1218 1279 1357 1374; x_wconf 86' lang='lat' dir='ltr'>figuras</span> 
     </span>
     <span class='ocr_line' id='line_1_10' title="bbox 315 1391 1356 1494; baseline 0.001 -29"><span class='ocrx_word' id='word_1_58' title='bbox 315 1391 566 1487; x_wconf 78' lang='lat' dir='ltr'>particulares,</span> <span class='ocrx_word' id='word_1_59' title='bbox 579 1392 789 1494; x_wconf 80' lang='lat' dir='ltr'>quadratas,</span> <span class='ocrx_word' id='word_1_60' title='bbox 799 1391 1053 1488; x_wconf 80' lang='lat' dir='ltr'>triangulares,</span> <span class='ocrx_word' id='word_1_61' title='bbox 1063 1392 1121 1466; x_wconf 86' lang='lat' dir='ltr'>vel</span> <span class='ocrx_word' id='word_1_62' title='bbox 1133 1391 1356 1488; x_wconf 83' lang='lat' dir='ltr'>hexagonos,</span> 
     </span>
     <span class='ocr_line' id='line_1_11' title="bbox 320 1505 1357 1605; baseline 0.002 -27"><span class='ocrx_word' id='word_1_63' title='bbox 320 1507 640 1605; x_wconf 82' lang='lat' dir='ltr'>observaveritque</span> <span class='ocrx_word' id='word_1_64' title='bbox 652 1517 792 1604; x_wconf 88' lang='lat' dir='ltr'>puncta</span> <span class='ocrx_word' id='word_1_65' title='bbox 802 1505 897 1582; x_wconf 85' lang='lat' dir='ltr'>illius</span> <span class='ocrx_word' id='word_1_66' title='bbox 912 1505 1083 1603; x_wconf 83' lang='lat' dir='ltr'>diapheai</span> <span class='ocrx_word' id='word_1_67' title='bbox 1098 1529 1164 1602; x_wconf 89' lang='lat' dir='ltr'>per</span> <span class='ocrx_word' id='word_1_68' title='bbox 1181 1529 1265 1603; x_wconf 87' lang='lat' dir='ltr'>quae</span> <span class='ocrx_word' id='word_1_69' title='bbox 1283 1506 1357 1580; x_wconf 89' lang='lat' dir='ltr'>sin-</span> 
     </span>
     <span class='ocr_line' id='line_1_12' title="bbox 315 1620 1355 1716; baseline -0.001 -22"><span class='ocrx_word' id='word_1_70' title='bbox 315 1621 393 1716; x_wconf 84' lang='lat' dir='ltr'>guli</span> <span class='ocrx_word' id='word_1_71' title='bbox 423 1622 470 1694; x_wconf 89' lang='lat' dir='ltr'>ab</span> <span class='ocrx_word' id='word_1_72' title='bbox 498 1622 603 1696; x_wconf 90' lang='lat' dir='ltr'>oculo</span> <span class='ocrx_word' id='word_1_73' title='bbox 628 1621 722 1696; x_wconf 88' lang='lat' dir='ltr'>radii</span> <span class='ocrx_word' id='word_1_74' title='bbox 747 1620 795 1696; x_wconf 91' lang='lat' dir='ltr'>ad</span> <span class='ocrx_word' id='word_1_75' title='bbox 820 1621 1003 1716; x_wconf 85' lang='lat' dir='ltr'>objectum</span> <span class='ocrx_word' id='word_1_76' title='bbox 1031 1631 1233 1709; x_wconf 85' lang='lat' dir='ltr'>transeunt,</span> <span class='ocrx_word' id='word_1_77' title='bbox 1253 1620 1355 1716; x_wconf 89' lang='lat' dir='ltr'>quod</span> 
     </span>
     <span class='ocr_line' id='line_1_13' title="bbox 313 1733 1353 1839; baseline 0.002 -33"><span class='ocrx_word' id='word_1_78' title='bbox 313 1733 420 1808; x_wconf 89' lang='lat' dir='ltr'>facile</span> <span class='ocrx_word' id='word_1_79' title='bbox 433 1759 503 1839; x_wconf 89' lang='lat' dir='ltr'>ope</span> <span class='ocrx_word' id='word_1_80' title='bbox 513 1736 595 1813; x_wconf 89' lang='lat' dir='ltr'>talis</span> <span class='ocrx_word' id='word_1_81' title='bbox 607 1735 794 1810; x_wconf 87' lang='lat' dir='ltr'>divisionis</span> <span class='ocrx_word' id='word_1_82' title='bbox 806 1735 887 1807; x_wconf 87' lang='lat' dir='ltr'>fieri</span> <span class='ocrx_word' id='word_1_83' title='bbox 895 1733 1199 1832; x_wconf 87' lang='lat' dir='ltr'>potest,eaquein</span> <span class='ocrx_word' id='word_1_84' title='bbox 1212 1734 1353 1826; x_wconf 86' lang='lat' dir='ltr'>charta,</span> 
     </span>
     <span class='ocr_line' id='line_1_14' title="bbox 313 1847 1353 1949; baseline -0.004 -23"><span class='ocrx_word' id='word_1_85' title='bbox 313 1873 395 1949; x_wconf 81' lang='lat' dir='ltr'>quae</span> <span class='ocrx_word' id='word_1_86' title='bbox 412 1849 549 1926; x_wconf 88' lang='lat' dir='ltr'>habens</span> <span class='ocrx_word' id='word_1_87' title='bbox 568 1850 723 1928; x_wconf 88' lang='lat' dir='ltr'>similem</span> <span class='ocrx_word' id='word_1_88' title='bbox 737 1849 965 1948; x_wconf 81' lang='lat' dir='ltr'>superficiem</span> <span class='ocrx_word' id='word_1_89' title='bbox 987 1847 1151 1924; x_wconf 86' lang='lat' dir='ltr'>similiter</span> <span class='ocrx_word' id='word_1_90' title='bbox 1169 1848 1281 1924; x_wconf 85' lang='lat' dir='ltr'>etiam</span> <span class='ocrx_word' id='word_1_91' title='bbox 1298 1848 1353 1922; x_wconf 89' lang='lat' dir='ltr'>di-</span> 
     </span>
     <span class='ocr_line' id='line_1_15' title="bbox 311 1962 1353 2060; baseline -0.002 -24"><span class='ocrx_word' id='word_1_92' title='bbox 311 1962 459 2054; x_wconf 87' lang='lat' dir='ltr'>viditur,</span> <span class='ocrx_word' id='word_1_93' title='bbox 477 1963 673 2060; x_wconf 81' lang='lat' dir='ltr'>diligenter</span> <span class='ocrx_word' id='word_1_94' title='bbox 687 1963 882 2053; x_wconf 84' lang='lat' dir='ltr'>notaverit,</span> <span class='ocrx_word' id='word_1_95' title='bbox 899 1963 1085 2057; x_wconf 86' lang='lat' dir='ltr'>lineasque</span> <span class='ocrx_word' id='word_1_96' title='bbox 1108 1985 1131 2036; x_wconf 88' lang='lat' dir='ltr'>a</span> <span class='ocrx_word' id='word_1_97' title='bbox 1146 1972 1288 2058; x_wconf 83' lang='lat' dir='ltr'>puncto</span> <span class='ocrx_word' id='word_1_98' title='bbox 1304 1962 1353 2036; x_wconf 90' lang='lat' dir='ltr'>ad</span> 
     </span>
     <span class='ocr_line' id='line_1_16' title="bbox 310 2075 1352 2174; baseline 0.001 -24"><span class='ocrx_word' id='word_1_99' title='bbox 310 2086 489 2174; x_wconf 89' lang='lat' dir='ltr'>punctum</span> <span class='ocrx_word' id='word_1_100' title='bbox 499 2076 736 2151; x_wconf 84' lang='lat' dir='ltr'>conformiter</span> <span class='ocrx_word' id='word_1_101' title='bbox 747 2077 796 2151; x_wconf 87' lang='lat' dir='ltr'>ad</span> <span class='ocrx_word' id='word_1_102' title='bbox 811 2076 926 2150; x_wconf 86' lang='lat' dir='ltr'>lineas</span> <span class='ocrx_word' id='word_1_103' title='bbox 938 2076 1034 2150; x_wconf 86' lang='lat' dir='ltr'>visas</span> <span class='ocrx_word' id='word_1_104' title='bbox 1046 2075 1086 2148; x_wconf 89' lang='lat' dir='ltr'>in</span> <span class='ocrx_word' id='word_1_105' title='bbox 1098 2076 1244 2172; x_wconf 89' lang='lat' dir='ltr'>objecto</span> <span class='ocrx_word' id='word_1_106' title='bbox 1259 2076 1352 2151; x_wconf 86' lang='lat' dir='ltr'>dux-</span> 
     </span>
     <span class='ocr_line' id='line_1_17' title="bbox 312 2189 1352 2290; baseline 0.004 -28"><span class='ocrx_word' id='word_1_107' title='bbox 312 2189 408 2274; x_wconf 90' lang='lat' dir='ltr'>erit;</span> <span class='ocrx_word' id='word_1_108' title='bbox 434 2192 499 2265; x_wconf 88' lang='lat' dir='ltr'>fiet</span> <span class='ocrx_word' id='word_1_109' title='bbox 528 2191 806 2288; x_wconf 78' lang='lat' dir='ltr'>repraesentatio</span> <span class='ocrx_word' id='word_1_110' title='bbox 831 2189 976 2288; x_wconf 87' lang='lat' dir='ltr'>objecti,</span> <span class='ocrx_word' id='word_1_111' title='bbox 1000 2190 1040 2262; x_wconf 91' lang='lat' dir='ltr'>in</span> <span class='ocrx_word' id='word_1_112' title='bbox 1061 2189 1124 2262; x_wconf 94' lang='lat' dir='ltr'>illo</span> <span class='ocrx_word' id='word_1_113' title='bbox 1148 2189 1260 2288; x_wconf 89' lang='lat' dir='ltr'>plano</span> <span class='ocrx_word' id='word_1_114' title='bbox 1287 2217 1352 2290; x_wconf 85' lang='lat' dir='ltr'>ap·</span> 
     </span>
     <span class='ocr_line' id='line_1_18' title="bbox 311 2302 1350 2406; baseline 0.001 -28"><span class='ocrx_word' id='word_1_115' title='bbox 311 2327 454 2402; x_wconf 89' lang='lat' dir='ltr'>parens,</span> <span class='ocrx_word' id='word_1_116' title='bbox 474 2303 604 2378; x_wconf 81' lang='lat' dir='ltr'>tabula</span> <span class='ocrx_word' id='word_1_117' title='bbox 621 2306 699 2400; x_wconf 86' lang='lat' dir='ltr'>ejus</span> <span class='ocrx_word' id='word_1_118' title='bbox 710 2304 965 2406; x_wconf 80' lang='lat' dir='ltr'>perspectiva,</span> <span class='ocrx_word' id='word_1_119' title='bbox 992 2302 1031 2377; x_wconf 94' lang='lat' dir='ltr'>id</span> <span class='ocrx_word' id='word_1_120' title='bbox 1056 2312 1122 2394; x_wconf 87' lang='lat' dir='ltr'>est,</span> <span class='ocrx_word' id='word_1_121' title='bbox 1139 2305 1261 2400; x_wconf 87' lang='lat' dir='ltr'>figura</span> <span class='ocrx_word' id='word_1_122' title='bbox 1276 2305 1350 2396; x_wconf 88' lang='lat' dir='ltr'>ilia,</span> 
     </span>
     <span class='ocr_line' id='line_1_19' title="bbox 312 2417 1432 2528; baseline -0.002 -34"><span class='ocrx_word' id='word_1_123' title='bbox 312 2441 394 2515; x_wconf 87' lang='lat' dir='ltr'>quae</span> <span class='ocrx_word' id='word_1_124' title='bbox 411 2418 451 2492; x_wconf 91' lang='lat' dir='ltr'>in</span> <span class='ocrx_word' id='word_1_125' title='bbox 469 2418 633 2497; x_wconf 85' lang='lat' dir='ltr'>chartam</span> <span class='ocrx_word' id='word_1_126' title='bbox 647 2419 867 2518; x_wconf 82' lang='lat' dir='ltr'>transcripta</span> <span class='ocrx_word' id='word_1_127' title='bbox 879 2430 947 2510; x_wconf 87' lang='lat' dir='ltr'>est,</span> <span class='ocrx_word' id='word_1_128' title='bbox 965 2417 1092 2494; x_wconf 84' lang='lat' dir='ltr'>similis</span> <span class='ocrx_word' id='word_1_129' title='bbox 1116 2417 1187 2492; x_wconf 90' lang='lat' dir='ltr'>erit</span> <span class='ocrx_word' id='word_1_130' title='bbox 1203 2419 1351 2516; x_wconf 86' lang='lat' dir='ltr'>objecto</span> <span class='ocrx_word' id='word_1_131' title='bbox 1431 2503 1432 2528; x_wconf 23' lang='grc' dir='ltr'><strong><em>Ν</em></strong></span> 
     </span>
     <span class='ocr_line' id='line_1_20' title="bbox 311 2531 1350 2630; baseline 0.001 -25"><span class='ocrx_word' id='word_1_132' title='bbox 311 2542 477 2629; x_wconf 84' lang='lat' dir='ltr'>spectato</span> <span class='ocrx_word' id='word_1_133' title='bbox 493 2555 559 2629; x_wconf 90' lang='lat' dir='ltr'>per</span> <span class='ocrx_word' id='word_1_134' title='bbox 582 2534 733 2630; x_wconf 83' lang='lat' dir='ltr'>planum</span> <span class='ocrx_word' id='word_1_135' title='bbox 762 2532 911 2628; x_wconf 83' lang='lat' dir='ltr'>aliquod</span> <span class='ocrx_word' id='word_1_136' title='bbox 934 2531 1191 2628; x_wconf 86' lang='lat' dir='ltr'>interpositum</span> <span class='ocrx_word' id='word_1_137' title='bbox 1216 2557 1350 2630; x_wconf 84' lang='lat' dir='ltr'>corpus</span> 
     </span>
     <span class='ocr_line' id='line_1_21' title="bbox 311 2645 1431 2744; baseline 0.004 -26"><span class='ocrx_word' id='word_1_138' title='bbox 311 2645 544 2744; x_wconf 89' lang='lat' dir='ltr'>diaphanum.</span> <span class='ocrx_word' id='word_1_139' title='bbox 597 2647 700 2722; x_wconf 92' lang='lat' dir='ltr'>Idem</span> <span class='ocrx_word' id='word_1_140' title='bbox 725 2647 806 2720; x_wconf 90' lang='lat' dir='ltr'>fieri</span> <span class='ocrx_word' id='word_1_141' title='bbox 821 2656 943 2744; x_wconf 90' lang='lat' dir='ltr'>potest</span> <span class='ocrx_word' id='word_1_142' title='bbox 960 2647 1106 2743; x_wconf 90' lang='lat' dir='ltr'>quando</span> <span class='ocrx_word' id='word_1_143' title='bbox 1124 2647 1311 2744; x_wconf 88' lang='lat' dir='ltr'>objectum</span> <span class='ocrx_word' id='word_1_144' title='bbox 1327 2674 1351 2722; x_wconf 89' lang='lat' dir='ltr'>a</span> <span class='ocrx_word' id='word_1_145' title='bbox 1430 2727 1431 2732; x_wconf 54' lang='grc'>,</span> 
     </span>
     <span class='ocr_line' id='line_1_22' title="bbox 308 2759 1322 2862; baseline 0.004 -29"><span class='ocrx_word' id='word_1_146' title='bbox 308 2770 413 2858; x_wconf 88' lang='lat' dir='ltr'>tergo</span> <span class='ocrx_word' id='word_1_147' title='bbox 432 2773 487 2836; x_wconf 90' lang='lat' dir='ltr'>est</span> <span class='ocrx_word' id='word_1_148' title='bbox 502 2759 632 2836; x_wconf 90' lang='lat' dir='ltr'>ecdem</span> <span class='ocrx_word' id='word_1_149' title='bbox 649 2762 760 2837; x_wconf 89' lang='lat' dir='ltr'>modo</span> <span class='ocrx_word' id='word_1_150' title='bbox 777 2785 844 2861; x_wconf 88' lang='lat' dir='ltr'>per</span> <span class='ocrx_word' id='word_1_151' title='bbox 860 2761 1109 2860; x_wconf 82' lang='lat' dir='ltr'>redactionem</span> <span class='ocrx_word' id='word_1_152' title='bbox 1126 2762 1322 2862; x_wconf 87' lang='lat' dir='ltr'>aspeculo.</span> 
     </span>
    </p>
   </div>
   <div class='ocr_carea' id='block_1_3' title="bbox 359 2876 1430 2972">
    <p class='ocr_par' dir='ltr' id='par_1_7' title="bbox 359 2876 1430 2972">
     <span class='ocr_line' id='line_1_23' title="bbox 359 2876 1430 2972; baseline 0.009 -24"><span class='ocrx_word' id='word_1_153' title='bbox 359 2876 445 2950; x_wconf 89' lang='lat' dir='ltr'>Sine</span> <span class='ocrx_word' id='word_1_154' title='bbox 462 2877 534 2954; x_wconf 91' lang='lat' dir='ltr'>hoc</span> <span class='ocrx_word' id='word_1_155' title='bbox 547 2878 703 2954; x_wconf 89' lang='lat' dir='ltr'>artificio</span> <span class='ocrx_word' id='word_1_156' title='bbox 717 2901 865 2952; x_wconf 89' lang='lat' dir='ltr'>necesse</span> <span class='ocrx_word' id='word_1_157' title='bbox 882 2887 937 2952; x_wconf 83' lang='lat' dir='ltr'>est</span> <span class='ocrx_word' id='word_1_158' title='bbox 952 2886 995 2952; x_wconf 91' lang='lat' dir='ltr'>ut</span> <span class='ocrx_word' id='word_1_159' title='bbox 1007 2876 1051 2966; x_wconf 85' lang='lat' dir='ltr'>ie,</span> <span class='ocrx_word' id='word_1_160' title='bbox 1066 2876 1128 2972; x_wconf 91' lang='lat' dir='ltr'>qui</span> <span class='ocrx_word' id='word_1_161' title='bbox 1137 2876 1349 2971; x_wconf 87' lang='lat' dir='ltr'>hujusmodi</span> <span class='ocrx_word' id='word_1_162' title='bbox 1429 2955 1430 2958; x_wconf 74' lang='grc'>,</span> 
     </span>
    </p>
   </div>
   <div class='ocr_carea' id='block_1_4' title="bbox 297 2988 1429 3322">
    <p class='ocr_par' dir='ltr' id='par_1_8' title="bbox 297 2961 1430 3322">
     <span class='ocr_line' id='line_1_24' title="bbox 306 2988 1347 3088; baseline 0.005 -27"><span class='ocrx_word' id='word_1_163' title='bbox 306 2988 488 3085; x_wconf 89' lang='lat' dir='ltr'>picturam</span> <span class='ocrx_word' id='word_1_164' title='bbox 496 2991 634 3087; x_wconf 88' lang='lat' dir='ltr'>primus</span> <span class='ocrx_word' id='word_1_165' title='bbox 648 2991 820 3083; x_wconf 88' lang='lat' dir='ltr'>ostendit,</span> <span class='ocrx_word' id='word_1_166' title='bbox 834 3004 899 3066; x_wconf 86' lang='lat' dir='ltr'>aut</span> <span class='ocrx_word' id='word_1_167' title='bbox 915 2991 1154 3088; x_wconf 81' lang='lat' dir='ltr'>geometriam</span> <span class='ocrx_word' id='word_1_168' title='bbox 1165 2990 1347 3082; x_wconf 86' lang='lat' dir='ltr'>didicerit,</span> 
     </span>
     <span class='ocr_line' id='line_1_25' title="bbox 308 3104 1429 3202; baseline 0.002 -24"><span class='ocrx_word' id='word_1_169' title='bbox 308 3127 381 3199; x_wconf 88' lang='lat' dir='ltr'>qua</span> <span class='ocrx_word' id='word_1_170' title='bbox 402 3104 581 3182; x_wconf 87' lang='lat' dir='ltr'>sectiones</span> <span class='ocrx_word' id='word_1_171' title='bbox 608 3131 796 3199; x_wconf 87' lang='lat' dir='ltr'>concrum,</span> <span class='ocrx_word' id='word_1_172' title='bbox 827 3106 1032 3188; x_wconf 66' lang='lat' dir='ltr'>conoeidon</span> <span class='ocrx_word' id='word_1_173' title='bbox 1055 3117 1094 3180; x_wconf 89' lang='lat' dir='ltr'>et</span> <span class='ocrx_word' id='word_1_174' title='bbox 1115 3106 1348 3202; x_wconf 83' lang='lat' dir='ltr'>pyramidum</span> <span class='ocrx_word' id='word_1_175' title='bbox 1428 3177 1429 3180; x_wconf 74' lang='grc'>,</span> 
     </span>
     <span class='ocr_line' id='line_1_26' title="bbox 297 3185 1429 3322; baseline 0 -28"><span class='ocrx_word' id='word_1_176' title='bbox 297 3218 425 3322; x_wconf 89' lang='lat' dir='ltr'>omnis</span> <span class='ocrx_word' id='word_1_177' title='bbox 441 3221 585 3316; x_wconf 86' lang='lat' dir='ltr'>generis</span> <span class='ocrx_word' id='word_1_178' title='bbox 602 3221 641 3298; x_wconf 87' lang='lat' dir='ltr'>in</span> <span class='ocrx_word' id='word_1_179' title='bbox 658 3221 786 3298; x_wconf 86' lang='lat' dir='ltr'>charta</span> <span class='ocrx_word' id='word_1_180' title='bbox 810 3219 981 3296; x_wconf 86' lang='lat' dir='ltr'>exhibere</span> <span class='ocrx_word' id='word_1_181' title='bbox 1007 3218 1207 3304; x_wconf 68' lang='lat' dir='ltr'>meandum</span> <span class='ocrx_word' id='word_1_182' title='bbox 1230 3233 1348 3296; x_wconf 87' lang='lat' dir='ltr'>artem</span> <span class='ocrx_word' id='word_1_183' title='bbox 1428 3185 1429 3277; x_wconf 84' lang='lat' dir='ltr'>l</span> 
     </span>
    </p>
   </div>
   <div class='ocr_carea' id='block_1_5' title="bbox 304 3331 1428 4233">
    <p class='ocr_par' dir='ltr' id='par_1_9' title="bbox 305 3331 1428 4005">
     <span class='ocr_line' id='line_1_27' title="bbox 306 3331 1347 3428; baseline 0.004 -24"><span class='ocrx_word' id='word_1_184' title='bbox 306 3332 479 3428; x_wconf 89' lang='lat' dir='ltr'>potuerit,</span> <span class='ocrx_word' id='word_1_185' title='bbox 505 3333 605 3428; x_wconf 88' lang='lat' dir='ltr'>quod</span> <span class='ocrx_word' id='word_1_186' title='bbox 634 3343 691 3407; x_wconf 88' lang='lat' dir='ltr'>est</span> <span class='ocrx_word' id='word_1_187' title='bbox 717 3334 979 3423; x_wconf 84' lang='lat' dir='ltr'>difficillimum,</span> <span class='ocrx_word' id='word_1_188' title='bbox 1008 3331 1067 3406; x_wconf 87' lang='lat' dir='ltr'>vel</span> <span class='ocrx_word' id='word_1_189' title='bbox 1083 3332 1200 3415; x_wconf 84' lang='lat' dir='ltr'>multa</span> <span class='ocrx_word' id='word_1_190' title='bbox 1224 3333 1347 3411; x_wconf 88' lang='lat' dir='ltr'>minus</span> 
     </span>
     <span class='ocr_line' id='line_1_28' title="bbox 308 3399 1428 3544; baseline 0.007 -26"><span class='ocrx_word' id='word_1_191' title='bbox 308 3456 476 3520; x_wconf 88' lang='lat' dir='ltr'>accurate</span> <span class='ocrx_word' id='word_1_192' title='bbox 493 3447 593 3543; x_wconf 88' lang='lat' dir='ltr'>pieta</span> <span class='ocrx_word' id='word_1_193' title='bbox 609 3447 648 3520; x_wconf 93' lang='lat' dir='ltr'>in</span> <span class='ocrx_word' id='word_1_194' title='bbox 673 3448 799 3521; x_wconf 88' lang='lat' dir='ltr'>tabula</span> <span class='ocrx_word' id='word_1_195' title='bbox 823 3448 1027 3544; x_wconf 86' lang='lat' dir='ltr'>relinquere</span> <span class='ocrx_word' id='word_1_196' title='bbox 1045 3457 1192 3524; x_wconf 83' lang='lat' dir='ltr'>coactus</span> <span class='ocrx_word' id='word_1_197' title='bbox 1220 3447 1345 3540; x_wconf 86' lang='lat' dir='ltr'>fuerit,</span> <span class='ocrx_word' id='word_1_198' title='bbox 1427 3399 1428 3485; x_wconf 70' lang='lat' dir='ltr'>l</span> 
     </span>
     <span class='ocr_line' id='line_1_29' title="bbox 307 3560 1427 3695; baseline -0.006 -51"><span class='ocrx_word' id='word_1_199' title='bbox 307 3585 389 3657; x_wconf 81' lang='lat' dir='ltr'>quae</span> <span class='ocrx_word' id='word_1_200' title='bbox 405 3571 529 3638; x_wconf 89' lang='lat' dir='ltr'>tamen</span> <span class='ocrx_word' id='word_1_201' title='bbox 561 3560 812 3660; x_wconf 87' lang='lat' dir='ltr'>imperitorum</span> <span class='ocrx_word' id='word_1_202' title='bbox 837 3587 1029 3644; x_wconf 82' lang='lat' dir='ltr'>censuram</span> <span class='ocrx_word' id='word_1_203' title='bbox 1051 3564 1210 3662; x_wconf 82' lang='lat' dir='ltr'>effugere</span> <span class='ocrx_word' id='word_1_204' title='bbox 1235 3576 1345 3660; x_wconf 89' lang='lat' dir='ltr'>potu·</span> <span class='ocrx_word' id='word_1_205' title='bbox 1426 3603 1427 3695; x_wconf 47' lang='lat' dir='ltr'>q</span> 
     </span>
     <span class='ocr_line' id='line_1_30' title="bbox 305 3685 1361 3752; baseline -0.008 -2"><span class='ocrx_word' id='word_1_206' title='bbox 305 3685 423 3752; x_wconf 87' lang='lat' dir='ltr'>erunt.</span> <span class='ocrx_word' id='word_1_207' title='bbox 1358 3735 1361 3742; x_wconf 80' lang='grc'>,</span> 
     </span>
     <span class='ocr_line' id='line_1_31' title="bbox 355 3788 1426 3905; baseline 0 -39"><span class='ocrx_word' id='word_1_208' title='bbox 355 3790 542 3888; x_wconf 79' lang='lat' dir='ltr'>Praecpta</span> <span class='ocrx_word' id='word_1_209' title='bbox 558 3789 798 3888; x_wconf 76' lang='lat' dir='ltr'>perspectiva</span> <span class='ocrx_word' id='word_1_210' title='bbox 813 3813 889 3866; x_wconf 90' lang='lat' dir='ltr'>non</span> <span class='ocrx_word' id='word_1_211' title='bbox 906 3801 962 3866; x_wconf 87' lang='lat' dir='ltr'>est</span> <span class='ocrx_word' id='word_1_212' title='bbox 977 3790 1085 3889; x_wconf 85' lang='lat' dir='ltr'>hujus</span> <span class='ocrx_word' id='word_1_213' title='bbox 1096 3789 1170 3866; x_wconf 91' lang='lat' dir='ltr'>loci</span> <span class='ocrx_word' id='word_1_214' title='bbox 1179 3788 1343 3876; x_wconf 78' lang='lat' dir='ltr'>tradere3</span> <span class='ocrx_word' id='word_1_215' title='bbox 1425 3853 1426 3905; x_wconf 35' lang='lat' dir='ltr'>q</span> 
     </span>
     <span class='ocr_line' id='line_1_32' title="bbox 306 3905 1345 4005; baseline 0 -25"><span class='ocrx_word' id='word_1_216' title='bbox 306 3916 392 3982; x_wconf 89' lang='lat' dir='ltr'>sunt</span> <span class='ocrx_word' id='word_1_217' title='bbox 409 3906 517 3996; x_wconf 90' lang='lat' dir='ltr'>enim,</span> <span class='ocrx_word' id='word_1_218' title='bbox 540 3905 611 3980; x_wconf 89' lang='lat' dir='ltr'>nisi</span> <span class='ocrx_word' id='word_1_219' title='bbox 629 3907 728 4004; x_wconf 89' lang='lat' dir='ltr'>quod</span> <span class='ocrx_word' id='word_1_220' title='bbox 753 3917 894 4005; x_wconf 85' lang='lat' dir='ltr'>spectat</span> <span class='ocrx_word' id='word_1_221' title='bbox 917 3905 965 3980; x_wconf 90' lang='lat' dir='ltr'>ad</span> <span class='ocrx_word' id='word_1_222' title='bbox 988 3906 1192 3983; x_wconf 89' lang='lat' dir='ltr'>claritatem</span> <span class='ocrx_word' id='word_1_223' title='bbox 1214 3915 1254 3979; x_wconf 89' lang='lat' dir='ltr'>et</span> <span class='ocrx_word' id='word_1_224' title='bbox 1280 3906 1345 3980; x_wconf 91' lang='lat' dir='ltr'>ob-</span> 
     </span>
    </p>

    <p class='ocr_par' dir='ltr' id='par_1_10' title="bbox 304 4019 1425 4233">
     <span class='ocr_line' id='line_1_33' title="bbox 309 4019 1425 4118; baseline 0 -24"><span class='ocrx_word' id='word_1_225' title='bbox 309 4020 532 4111; x_wconf 84' lang='lat' dir='ltr'>scuritatem,</span> <span class='ocrx_word' id='word_1_226' title='bbox 552 4043 634 4116; x_wconf 87' lang='lat' dir='ltr'>quae</span> <span class='ocrx_word' id='word_1_227' title='bbox 660 4020 804 4097; x_wconf 87' lang='lat' dir='ltr'>diversa</span> <span class='ocrx_word' id='word_1_228' title='bbox 827 4023 867 4096; x_wconf 90' lang='lat' dir='ltr'>in</span> <span class='ocrx_word' id='word_1_229' title='bbox 892 4019 1044 4096; x_wconf 84' lang='lat' dir='ltr'>diversis</span> <span class='ocrx_word' id='word_1_230' title='bbox 1069 4019 1263 4118; x_wconf 84' lang='lat' dir='ltr'>cujuslibet</span> <span class='ocrx_word' id='word_1_231' title='bbox 1280 4020 1345 4094; x_wconf 88' lang='lat' dir='ltr'>ob·</span> <span class='ocrx_word' id='word_1_232' title='bbox 1424 4050 1425 4114; x_wconf 60' lang='lat' dir='ltr'>q</span> 
     </span>
     <span class='ocr_line' id='line_1_34' title="bbox 304 4134 1345 4233; baseline 0.002 -25"><span class='ocrx_word' id='word_1_233' title='bbox 304 4135 395 4232; x_wconf 84' lang='lat' dir='ltr'>jacti</span> <span class='ocrx_word' id='word_1_234' title='bbox 423 4135 590 4232; x_wconf 81' lang='lat' dir='ltr'>partibus</span> <span class='ocrx_word' id='word_1_235' title='bbox 616 4135 842 4226; x_wconf 82' lang='lat' dir='ltr'>observatur,</span> <span class='ocrx_word' id='word_1_236' title='bbox 860 4157 950 4233; x_wconf 89' lang='lat' dir='ltr'>pure</span> <span class='ocrx_word' id='word_1_237' title='bbox 975 4134 1211 4232; x_wconf 77' lang='lat' dir='ltr'>geometrica.</span> <span class='ocrx_word' id='word_1_238' title='bbox 1261 4135 1345 4210; x_wconf 86' lang='lat' dir='ltr'>Hoc</span> 
     </span>
    </p>
   </div>
   <div class='ocr_carea' id='block_1_6' title="bbox 305 4247 1345 4350">
    <p class='ocr_par' dir='ltr' id='par_1_11' title="bbox 305 4219 1424 4350">
     <span class='ocr_line' id='line_1_35' title="bbox 305 4247 1345 4350; baseline -0.002 -23"><span class='ocrx_word' id='word_1_239' title='bbox 305 4247 1345 4350; x_wconf 52' lang='lat' dir='ltr'>mmmmmmmmmmmm</span> 
     </span>
    </p>
   </div>
   <div class='ocr_carea' id='block_1_7' title="bbox 0 0 1452 4914">
    <p class='ocr_par' dir='ltr' id='par_1_12' title="bbox 0 0 1452 4914">
     <span class='ocr_line' id='line_1_36' title="bbox 0 0 1452 4914; baseline 0 5"><span class='ocrx_word' id='word_1_240' title='bbox 0 0 1452 4914; x_wconf 95' lang='lat' dir='ltr'> </span> 
     </span>
    </p>
   </div>
  </div>
 </body>
</html>
