2828 4912
306 319 361 374 DE
381 317 581 374 SBRMONE
601 317 653 372 ΕΤ
673 315 894 372 soliturus.
1076 297 1125 364 9³

125 495 161 564 ὁ.
182 486 597 585 Demonstrabiliaergo
609 497 696 562 sunt
714 485 945 562 theoremata
968 479 1127 580 plurima
1162 511 1258 563 sacr.
1272 509 1310 562 n.

73 601 177 676 circa
193 601 454 700 quantitatem,
473 623 630 698 quornm
648 598 803 675 scientia
814 595 1021 697 appellatur
1038 615 1126 692 geo·
1166 587 1309 694 ,134

74 715 223 790 metria.
289 713 382 790 Cum
427 713 525 788 enim
568 737 688 790 eausae
720 711 1001 812 proprietatum,
1036 729 1126 804 quas
1139 729 1300 836 namqu

75 827 218 904 habent
237 825 392 925 singulae
408 827 550 924 figurae,
568 825 682 900 insint
705 827 744 901 in
771 825 842 900 illis
869 847 959 920 quas
973 821 1041 920 ipsi
1059 819 1126 894 du·
1138 793 1322 904 lffial

74 943 197 1017 cimus
214 939 354 1026 lineas;
380 937 709 1037 generationesque
721 941 924 1037 figurarum
940 959 986 1011 ex
1000 943 1126 1010 nostro
1138 923 1325 1034 ,1313131331ἷῇ

77 1051 315 1154 dependeant
345 1051 519 1138 arbitrio;
550 1051 642 1127 nilril
671 1051 826 1151 amplius
851 1049 1051 1148 requiritur
1077 1047 1326 1162 adauffiffi‘

76 1165 378 1266 cognoscendam
404 1165 606 1263 quamlibet
632 1168 761 1264 figurae
782 1163 969 1265 propriam
986 1133 1227 1292 passio-2233
1241 1181 1327 1290 Ἥ

77 1305 179 1372 nem,
196 1303 307 1378 quam
326 1291 369 1354 ut
386 1302 431 1353 ea
447 1280 572 1354 omnia
588 1279 971 1376 consideremusque
997 1299 1126 1352 conse·
1138 1253 1263 1372 ilipa...

77 1405 248 1492 qunntnr
264 1389 577 1466 constructionem
595 1415 704 1489 qnam
721 1391 760 1466 in
775 1389 993 1466 delineanda
1008 1389 1129 1487 ligura

78 1507 150 1606 ipsi
173 1505 345 1580 iacimus.
398 1503 528 1603 ltaque
556 1504 604 1580 ob
634 1505 729 1580 hanc
747 1527 837 1594 rem,
866 1501 965 1602 quod
991 1503 1129 1601 figuras

78 1641 150 1694 nos
180 1617 252 1715 ipsi
280 1639 458 1708 creamus,
485 1615 643 1714 contigit
669 1615 911 1714 geometriam
938 1614 1067 1690 haberi
1092 1624 1131 1689 et

79 1755 161 1806 esse
179 1727 517 1804 demonstrabilem.
569 1731 720 1822 Contra,
738 1731 825 1828 quia
841 1753 963 1805 rerum
980 1741 1131 1803 natura-

80 1845 173 1918 lium
188 1863 310 1918 causae
327 1841 365 1916 in
382 1852 509 1918 nostra
525 1855 709 1941 potestate
725 1867 800 1918 non
820 1841 918 1934 sunt,
935 1841 1000 1918 sed
1016 1841 1053 1916 in
1068 1865 1132 1916 vo-

79 1957 229 2032 luntate
247 1954 383 2046 divina,
401 1968 440 2030 et
456 1955 544 2054 quia
561 1979 688 2032 earum
711 1957 870 2032 maxima
885 1979 982 2054 pars,
1000 1977 1133 2053 nempe

81 2069 215 2162 aether,
234 2083 293 2145 est
319 2067 512 2144 invisibilis
529 2101 538 2156 ;
563 2071 812 2170 proprietates
830 2093 958 2146 earum
974 2093 997 2146 a
1015 2067 1134 2144 causis

82 2181 284 2270 deducere,
300 2205 369 2257 nos
384 2181 446 2279 qui
464 2205 525 2258 eas
550 2208 625 2259 non
639 2183 818 2276 videmus,
836 2209 911 2260 non
928 2205 1134 2282 possumus.

83 2297 344 2372 Veruntamen
361 2293 409 2369 ab
431 2295 520 2394 ipsis
535 2297 824 2395 proprietatibus
841 2321 931 2396 quas
957 2295 1135 2384 videmus,

83 2407 373 2506 consequentias
390 2406 607 2486 deducendo
633 2435 678 2486 eo
695 2435 812 2509 usque
829 2409 1031 2510 procedere
1048 2434 1136 2484 con·

85 2545 235 2598 cessum
261 2535 330 2613 est,
349 2534 392 2596 ut
421 2521 514 2597 tales
542 2523 599 2598 vel
624 2525 718 2600 tales
744 2549 870 2600 earum
901 2549 1029 2601 causas
1058 2547 1136 2598 esse

84 2635 253 2734 potuisse
266 2633 519 2710 demonstrare
531 2637 725 2734 possimus.
762 2639 856 2714 Quae
871 2637 1137 2714 demonstratio

86 2775 110 2823 a
120 2747 344 2849 posteriorc
363 2747 510 2839 dicitur,
528 2762 567 2824 et
593 2749 747 2826 scientia
764 2751 856 2850 ipsa,
873 2751 1036 2850 physica.
1088 2749 1138 2825 Et

87 2863 268 2960 quoniam
286 2885 334 2937 ne
359 2885 383 2936 a
407 2863 672 2959 posterioribus
689 2864 837 2962 quidem
855 2865 903 2940 ad
927 2865 1052 2962 priora
1079 2887 1137 2938 ra-

88 2973 307 3051 tiocinando
316 2973 469 3072 procedi
482 2988 605 3073 potest
618 2976 656 3052 in
674 2979 783 3053 rebus
796 2977 1037 3068 naturalibus,
1055 3001 1139 3074 quae

89 3101 195 3166 motu
209 3087 466 3186 perficiuntur,
472 3089 550 3164 sine
556 3091 766 3189 cognitione
777 3115 903 3167 eorum
918 3115 999 3190 qua
1010 3115 1139 3166 unam-

91 3225 279 3300 quamque
296 3213 418 3277 motus
428 3201 586 3300 speciem
604 3217 881 3303 consequuntur
894 3237 904 3291 ;
918 3229 987 3280 nec
1000 3205 1048 3280 ad
1062 3230 1141 3280 mo-

91 3329 197 3390 tuum
213 3315 495 3411 consequentias
507 3315 585 3390 sine
597 3317 807 3416 cognitione
822 3319 1142 3417 quantitatisque

92 3442 149 3504 est
166 3423 399 3526 geometria;
424 3427 505 3503 fieri
519 3453 594 3504 non
607 3442 785 3527 potestat
802 3457 876 3507 non
894 3431 1018 3530 aliqua
1030 3431 1141 3507 etiam

93 3539 295 3640 aphysieo
323 3538 636 3617 demonstratione
661 3567 684 3618 a
708 3545 832 3642 priore
858 3543 1145 3620 demonstranda

94 3653 181 3730 sint.
235 3652 366 3751 ltaque
391 3651 555 3752 physica,
581 3678 668 3731 vera
692 3654 842 3755 inquam
866 3657 1030 3758 physica,
1061 3681 1143 3754 quae

94 3765 311 3864 geometriae
327 3765 508 3857 innititur,
523 3767 621 3843 inter
632 3769 908 3846 mathematicas
924 3771 1059 3846 mixtas
1076 3793 1145 3844 nu·

96 3878 230 3955 merari
249 3879 354 3954 solet.
407 3879 682 3958 Mathematicae
711 3883 809 3958 enim
828 3883 901 3958 dici
927 3883 1044 3958 solitae
1058 3895 1146 3958 sunt

97 3993 168 4068 tua
200 3991 379 4083 scientia,
406 4015 489 4090 quae
514 4017 589 4069 non
619 4019 688 4070 usu
716 4007 754 4071 et
780 3995 1015 4095 experiendo,
1033 3995 1098 4070 sed
1123 4018 1146 4070 a

98 4105 285 4204 magistris
308 4115 347 4180 et
371 4128 438 4204 per
463 4106 609 4204 regulas
638 4107 885 4185 discebantur.
937 4109 1145 4190 Mathema-

97 4219 172 4296 tica
188 4243 278 4317 ergo
295 4243 391 4320 pura
416 4231 483 4312 est,
510 4243 594 4320 quae
610 4221 710 4298 circa
735 4223 961 4321 quantitates
979 4234 1147 4299 versatur
