2904 4912
310 249 383 314 350
735 267 922 319 11111110.

112 459 208 508 sacr.
224 460 277 511 111.
307 430 474 527 accipere
498 442 633 527 potest,
659 445 702 506 ut
728 433 964 517 holocausta;
1003 432 1062 505 vel
1087 432 1231 506 cultum
1256 435 1357 508 exhi-

122 537 266 642 ,ἕρ
307 545 407 635 bere,
427 569 501 642 quo
514 548 634 642 major
649 546 814 620 exhiberi
830 570 906 620 non
918 557 1052 644 potest,
1065 558 1109 619 ut
1122 547 1355 621 sacrificium.

307 660 401 733 Haec
427 659 526 732 enim
552 683 595 732 eo
620 659 791 750 tendunt,
809 683 857 732 ne
874 661 975 734 Deus
998 683 1155 756 regnare
1172 661 1358 735 existime-

306 786 391 857 tur;
413 785 545 846 contra
556 773 596 846 id
610 774 884 870 quodabinitio
895 774 1125 870 supponitur.
1167 773 1356 849 Caeterum

306 887 527 984 genuflexio,
553 887 765 983 prostratio,
793 888 853 960 vel
886 886 980 960 alius
1010 887 1223 983 quicunque
1251 898 1357 960 actus

306 1000 471 1095 corporis
496 999 664 1074 adhiberi
689 1000 791 1074 licite
816 1009 949 1098 potest,
976 1000 1088 1076 etiam
1109 1001 1280 1074 incultu
1306 1000 1357 1073 ci-

305 1112 391 1185 vili:
416 1125 573 1209 possunt
586 1114 906 1210 enimsigniticare
919 1113 1146 1210 agnitionem
1158 1113 1357 1209 potestatis

306 1225 422 1299 civilis
448 1238 606 1301 tantum.
659 1227 791 1301 Cultus
818 1227 917 1300 enim
943 1226 1089 1300 divinus
1107 1251 1131 1299 a
1149 1226 1264 1315 civili,
1281 1251 1358 1299 non

305 1351 422 1429 motu,
439 1340 523 1431 situ,
540 1340 682 1431 habitu,
700 1352 765 1414 aut
781 1351 891 1437 gestu
914 1340 1078 1436 corporis
1101 1340 1356 1436 distinguitur,

305 1451 371 1525 sed
396 1454 589 1529 sententiae
615 1453 661 1528 de
687 1479 743 1546 eo,
762 1455 825 1551 qui
846 1453 993 1544 colitur,
1012 1454 1289 1540 declaratione3
1316 1469 1357 1528 ut

304 1567 336 1638 si
351 1580 627 1663 prosternamus
638 1591 705 1640 nos
719 1578 805 1641 ante
818 1566 990 1662 aliquem,
1004 1567 1128 1641 animo
1142 1566 1356 1640 declarandi

305 1703 349 1752 eo
359 1681 464 1776 signo
479 1679 580 1776 quod
591 1681 769 1754 habemus
783 1705 867 1755 eum
880 1704 948 1778 pro
966 1681 1058 1771 Deo,
1073 1680 1196 1754 cultus
1211 1679 1357 1753 divinus

303 1804 381 1865 est:
409 1792 441 1865 si
458 1791 556 1865 idem
571 1792 726 1866 facimus
750 1793 789 1866 in
811 1793 957 1889 signum
984 1793 1186 1888 agnitionis
1212 1793 1357 1889 imperii

304 1905 432 1996 civilis,
447 1905 569 1978 cultus
582 1905 699 1978 civilis
717 1917 783 1978 est.
827 1907 959 2002 Neque
973 1905 1220 2002 distinguitur
1234 1906 1357 1979 cultus

304 2019 452 2091 divinus
472 2043 495 2090 a
517 2017 622 2091 cicili
637 2042 704 2114 per
728 2019 843 2092 ullam
868 2019 1064 2108 actionem,
1084 2043 1169 2115 quae
1194 2019 1357 2114 intelligi

304 2130 412 2204 solita
429 2145 486 2204 est
503 2133 570 2204 sub
588 2131 797 2206 nominibus
810 2133 946 2228 tarpeia
964 2142 1002 2205 et
1019 2132 1169 2218 δὸυλεία;
1198 2156 1356 2227 quorum

303 2245 406 2339 prius
417 2268 607 2318 servorum
617 2247 788 2340 (fficium,
801 2243 984 2342 posterius
1001 2255 1142 2319 cortem
1160 2246 1355 2334 denotans,

303 2356 454 2430 nomina
471 2367 557 2431 sunt
573 2358 738 2454 ejusdem
755 2381 909 2431 numero
927 2358 1094 2432 actionis.
1442 2371 1443 2433 l

93 2501 250 2558 [alquons
359 2479 416 2544 19.
442 2471 499 2544 Ex
514 2470 573 2561 iis,
592 2494 675 2567 quae
698 2471 800 2545 diota
826 2481 924 2560 sunt,
948 2472 1148 2568 colligitur,
1175 2483 1357 2569 regnante

91 2567 258 2689 {llfflffl
304 2587 384 2661 Deo
406 2613 473 2685 per
499 2589 614 2662 solam
639 2589 822 2662 rationem
843 2589 1062 2678 naturalem,
1089 2612 1248 2685 peccare
1272 2592 1357 2664 sub·

89 2698 277 2821 fssgissgffl
305 2701 412 2793 ditos,
439 2703 572 2799 primo,
600 2702 632 2776 si
660 2702 802 2775 violant
830 2701 929 2799 leges
958 2703 1116 2775 morales
1145 2703 1243 2793 illas,
1273 2727 1356 2800 quae

91 2827 178 2871 divino
303 2814 495 2911 explicatae
529 2824 616 2888 sunt
650 2814 832 2911 capitibus
859 2815 1020 2888 secundo
1054 2826 1093 2889 et
1127 2817 1264 2889 tertio:
1296 2841 1356 2890 se-
1440 2829 1441 2921 t

303 2928 436 3018 cundo,
465 2929 496 3002 si
526 2929 666 3002 violant
693 2928 793 3025 leges
821 2928 897 3001 sive
925 2927 1102 3002 mandata
1126 2929 1290 3003 civitatis
1317 2931 1356 3002 in

302 3041 348 3114 iis
374 3043 497 3132 111111,
519 3065 602 3139 quae
627 3042 815 3139 pertinent
851 3039 899 3113 ad
932 3041 1140 3137 justitiam:
1172 3044 1299 3133 tertio,
1326 3045 1357 3116 si

302 3177 378 3227 non
405 3155 530 3228 colant
552 3155 673 3228 Deum
695 3157 775 3226 κατὰ
803 3156 841 3224 τὰ
866 3155 1005 3247 νόμιμαι
1039 3165 1185 3251 quarto,
1218 3157 1249 3229 si
1279 3181 1357 3230 non

301 3269 547 3342 confiteantur
560 3293 685 3343 coram
697 3267 908 3341 hominibus
919 3268 1040 3342 verbis
1054 3280 1093 3342 11
1102 3268 1225 3358 factio,
1238 3294 1356 3344 unum

301 3404 382 3454 esse
399 3381 520 3455 Deum
533 3382 724 3478 optimum,
736 3380 950 3471 maximum,
961 3382 1228 3472 beatissimum,
1239 3384 1356 3457 totius

300 3495 431 3568 mundi
454 3495 798 3590 mundanorumque
821 3517 952 3590 regum
972 3517 1099 3591 regem
1117 3518 1354 3592 supremum:

300 3610 373 3683 hoc
390 3621 458 3700 est,
476 3608 507 3682 si
527 3609 648 3682 Deum
670 3633 747 3681 non
771 3608 911 3682 colunt.
965 3607 1149 3689 Quartum
1171 3607 1245 3681 hoc
1268 3635 1355 3707 pec-

301 3736 427 3798 catum
444 3723 483 3796 in
500 3745 616 3817 regno
633 3722 703 3795 Dei
720 3721 892 3811 naturali,
906 3744 973 3817 per
986 3745 1031 3793 ea
1044 3746 1128 3817 quae
1146 3721 1249 3795 dicta
1267 3737 1355 3800 sunt

301 3839 422 3936 capite
438 3836 683 3934 praecedente,
707 3835 865 3908 articulo
883 3834 1073 3931 vigesimo,
1092 3835 1196 3908 loeaoe
1214 3836 1354 3912 divina

300 3951 514 4048 majestatis
542 3951 682 4024 crimea
707 3958 773 4022 est.
824 3949 891 4022 Est
917 3948 1016 4022 enim
1041 3949 1190 4044 negatio
1216 3949 1353 4026 divinae

303 4066 507 4160 potestatis,
536 4065 612 4138 sive
633 4063 848 4137 atteramus.
901 4062 1111 4135 Procedunt
1136 4063 1237 4140 enim
1264 4089 1352 4160 pec-

303 4188 386 4250 cata
402 4179 473 4271 hic,
492 4178 660 4252 similiter
677 4199 721 4248 ac
745 4175 777 4248 si
794 4198 1083 4271 supponeremus
1101 4174 1264 4270 aliquem
1283 4177 1351 4250 ho·
1370 4257 1376 4268 ,
