2904 4916
293 323 347 380 un
367 323 509 376 necao
531 324 603 377 nnr
624 323 704 377 nnn
723 321 942 377 urrunnu.
1067 307 1138 373 345

94 511 177 565 rum
190 512 423 588 unaquaeque
433 515 508 566 nna
522 502 579 567 est
590 515 760 590 persona,
774 491 902 566 eadem
920 489 1015 564 ratio
1032 499 1142 562 natu·
1170 519 1268 573 secr.
1283 517 1334 570 m.

93 605 180 680 ralis
190 617 372 703 praeterea
381 605 538 702 imperat
546 605 670 680 cultae
674 604 826 705 publici
836 601 1141 702 aafformitatem.
1180 597 1325 704 „.¹„⁵..,

94 719 194 792 Nam
220 741 303 816 quae
327 720 492 794 actiones
517 721 612 792 fiunt
637 743 660 792 a
684 717 836 816 singulis
858 715 1061 792 secundum
1085 737 1144 788 ra·

94 832 238 906 tionem
262 831 456 930 privatam,
485 855 539 907 eae
567 831 726 906 civitatis
753 830 918 906 actiones
944 853 1020 904 non
1043 838 1142 918 sunt,

94 968 217 1043 neque
247 967 336 1040 ergo
367 943 526 1019 civitatis
556 945 689 1019 cultus.
752 943 865 1020 Quod
895 954 1020 1018 antem
1048 943 1144 1017 fita

96 1057 259 1148 civitate,
276 1057 358 1131 fieri
383 1057 602 1155 intelligitur
628 1060 707 1154 eJus
723 1058 782 1132 vel
808 1080 948 1148 eorum,
966 1055 1029 1153 qui
1045 1078 1144 1129 sum·

96 1196 199 1245 mum
224 1170 364 1245 habent
390 1170 596 1267 imperinm,
621 1169 778 1266 ideoque
805 1193 986 1244 consensu
1009 1167 1144 1243 civium

96 1285 206 1360 simul
223 1284 400 1374 omnium,
418 1284 457 1358 id
475 1297 543 1376 est,
561 1283 814 1384 uniformiter.

151 1405 210 1472 16.
238 1396 365 1497 Leges·
381 1398 578 1472 naturales
597 1399 696 1472 circa
713 1397 852 1471 cultum
870 1395 1046 1485 divinum,
1063 1417 1144 1491 quae
1157 1399 1358 1511 {ffllffl

96 1509 331 1610 praecedente
345 1511 501 1586 articulo
518 1520 770 1601 numerantur,
789 1510 895 1606 signa
910 1509 1062 1582 honoris
1080 1533 1145 1580 na-
1157 1479 1315 1608 praescide

96 1624 234 1700 turalia
258 1635 403 1696 tantum
430 1623 594 1698 exhiberi
619 1623 850 1721 praecipiunt.
903 1621 1145 1695 Consideran-
1158 1597 1324 1706 diffidi?

98 1739 189 1812 dum
206 1748 332 1810 autem
350 1748 407 1810 est
421 1735 493 1811 duo
508 1759 587 1810 esse
600 1761 737 1832 genera
751 1736 962 1832 signorum
988 1735 1146 1808 alterum

97 1850 342 1940 naturalium,
358 1850 515 1924 alterum
525 1851 776 1950 pactitloram
789 1849 864 1923 sive
878 1873 924 1922 ex
942 1848 1146 1922 constituto

98 1987 286 2063 expresso,
299 1963 357 2037 vel
370 1962 497 2038 tacito.
543 1965 728 2039 Quoniam
742 1965 819 2059 jam
836 1962 875 2036 in
892 1961 992 2036 omni
1009 1961 1147 2058 lingua,

98 2077 283 2152 nominum
310 2075 385 2150 sive
416 2076 713 2177 appellationum
746 2099 834 2150 usus
869 2099 914 2148 ex
943 2075 1147 2148 constituto

100 2191 231 2280 oritur,
250 2190 363 2264 etiam
380 2213 425 2262 ex
446 2191 649 2265 constituto
675 2191 814 2288 poterit
837 2189 984 2264 mutari.
1038 2187 1149 2264 Quod

101 2303 202 2377 enim
231 2301 416 2398 dependet
443 2315 480 2376 et
505 2303 580 2376 vim
612 2327 715 2378 suam
743 2303 932 2378 derivata
957 2302 1150 2376 voluntate

99 2415 306 2504 hominnm,
350 2416 551 2490 eorundem
604 2417 913 2490 consentientium
961 2417 1150 2489 voluntate

100 2527 239 2604 mutari
263 2527 321 2601 vel
345 2527 483 2602 aboleri
510 2540 642 2625 potest.
694 2529 857 2603 Nomina
884 2553 973 2626 crgo
999 2554 1081 2625 qnae
1106 2553 1151 2602 ex

102 2640 308 2717 constituto
326 2640 516 2716 hominum
543 2641 784 2716 obtinuerunt
800 2643 880 2716 Deo
899 2642 1070 2732 attribui,
1089 2665 1152 2715 co-

101 2755 261 2830 rundem
287 2753 490 2828 constituto
516 2778 657 2829 cessare
687 2767 864 2853 possunt:
901 2755 1001 2852 quod
1028 2765 1152 2829 autem

103 2866 306 2943 constituto
346 2866 538 2942 hominum
576 2878 698 2966 potest
731 2867 824 2959 fieri,
854 2867 893 2942 id
927 2869 1152 2942 constituere

103 2982 249 3056 civitati
275 2980 376 3055 licet.
425 2982 515 3056 lure
543 3005 630 3078 ergo
659 2981 799 3074 civitas,
829 2982 902 3056 hoc
928 2993 996 3074 cst,
1024 2983 1063 3073 ii,
1090 2983 1153 3080 qui

104 3095 220 3169 totius
238 3094 396 3170 civitatis
413 3106 636 3192 potestatem
653 3095 802 3186 habent,
818 3120 899 3193 quae
912 3096 1060 3170 aomina
1078 3096 1153 3170 sive

105 3207 387 3308 appellationes
414 3209 494 3283 Deo
522 3209 738 3306 loaorlficae
763 3210 848 3302 sint,
869 3234 952 3307 quae
973 3235 1049 3284 non
1067 3209 1152 3300 sint,

104 3323 179 3396 hoc
203 3332 269 3410 est,
295 3345 378 3418 quae
403 3322 582 3396 doctrinae
604 3322 650 3396 de
674 3333 808 3396 natura
825 3335 863 3397 et
880 3324 1155 3419 operationibus

107 3435 178 3509 Dei
196 3435 343 3533 publice
361 3435 532 3510 tenendae
543 3436 603 3510 vel
616 3436 834 3534 profitendae
848 3448 946 3528 sunt,
960 3438 1153 3535 judicabit.

107 3548 285 3622 Actiones
299 3561 424 3623 autem
438 3549 648 3646 significant
664 3575 739 3625 non
757 3574 802 3625 ex
820 3551 1019 3625 constituto
1037 3552 1155 3625 homi-

107 3686 211 3751 nnm,
229 3661 294 3736 sed
309 3662 540 3753 naturaliter,
558 3663 653 3737 sicut
674 3665 826 3738 effectus
847 3675 933 3738 sunt
950 3664 1062 3761 signa
1072 3688 1155 3738 sua-

108 3797 192 3848 rum
207 3797 422 3860 causarum
450 3798 606 3871 quarum
617 3775 785 3872 quaedam
799 3800 942 3873 semper
952 3776 1058 3873 signa
1071 3786 1156 3849 sunt

110 3897 346 3985 contemptus
372 3909 511 3978 eorum,
540 3911 665 3962 coram
693 3887 824 3984 quibus
846 3889 953 3978 fiunt,
983 3887 1157 3961 nimirum

110 3999 244 4096 quibus
275 4010 483 4073 ostentatur
497 4001 673 4098 ¹corporis
703 4000 965 4090 immundities,
994 4012 1033 4075 et
1058 4026 1156 4099 quae-

110 4136 259 4210 cunque
288 4112 404 4210 pudet
434 4113 556 4189 facere
580 4139 706 4188 coram
732 4115 775 4188 iia
804 4140 895 4213 quos
923 4138 1155 4190 reveremur:

108 4227 192 4302 aliae
222 4247 367 4325 semper
395 4226 499 4325 signa
526 4239 612 4304 sunt
640 4219 803 4321 honoris,
834 4238 886 4318 ut,
919 4228 1093 4304 accedere
1120 4240 1157 4302 et
