2864 4924
309 287 357 369 70
700 309 753 363 na
771 307 953 362 uounvn.

119 505 214 558 sacr,
230 505 268 558 u.
308 471 448 548 visione
466 470 616 565 directa,
636 472 744 549 datur
760 474 873 549 etiam
892 474 996 549 locus
1019 494 1199 570 apparens
1217 471 1341 568 objecti

124 585 267 692 ,ζ
308 585 377 660 visi
394 609 460 682 per
478 585 663 684 dioptrum
682 611 898 678 convexum,
917 589 980 662 &a
1034 585 1144 662 Quod
1171 594 1252 660 erat
1267 609 1342 682 pro·

117 721 188 769 naeu·
309 697 482 774 bandum.

111 789 298 914 mm,
360 811 494 886 Coroll.
521 811 716 909 Objectum
733 813 832 888 idem
849 815 966 913 majus
979 823 1017 888 et
1032 813 1183 912 propius
1201 821 1343 909 apparet
1415 899 1416 902 Ἴ

111 919 156 965 ¹⁴⁰⁰
169 931 297 965 “mm
309 925 427 1000 visum
445 949 511 1022 per
535 925 721 1024 dioptrum
745 951 949 1002 convexum
974 951 1084 1025 quam
1107 924 1215 1002 oculo
1240 925 1341 1000 nudo.

310 1038 409 1113 Nam
434 1037 546 1114 ducta
571 1049 671 1115 recta
688 1040 771 1130 ΟΕ,
790 1052 827 1114 et
850 1053 996 1138 sumpta
1020 1041 1058 1114 in
1078 1039 1148 1114 OL
1166 1050 1268 1114 recta
1285 1039 1343 1112 ΟΡ
1415 1045 1416 1048 ’

310 1152 380 1250 ipsi
398 1153 475 1226 DE
493 1153 636 1249 aequali,
659 1154 861 1251 junctaque
886 1155 955 1230 PF
980 1165 1126 1228 secante
1145 1153 1218 1226 OE
1245 1152 1283 1226 in
1303 1151 1342 1240 (l,

311 1265 502 1365 apparebit
519 1267 594 1340 ΕΙ)
612 1266 719 1342 oculo
737 1267 836 1342 nudo
854 1268 893 1342 in
912 1267 1124 1343 Gilimirror
1137 1289 1247 1364 quam
1262 1265 1343 1354 NO,

312 1389 351 1454 et
369 1379 448 1454 NO
467 1379 536 1455 erit
554 1379 660 1455 oculo
677 1381 930 1480 propinquior.

364 1491 403 1566 Si
422 1493 621 1568 constituta
638 1492 711 1568 siut
728 1495 926 1592 objectum,
944 1493 1130 1592 dioptrum
1154 1503 1191 1566 et
1216 1490 1345 1580 oculus,

313 1616 355 1680 ut
381 1605 419 1680 in
444 1606 563 1704 figura
588 1606 708 1698 tertia,
736 1607 1001 1705 contingatque
1026 1618 1069 1681 ut
1094 1605 1185 1680 visio
1212 1605 1261 1680 sit
1283 1603 1347 1678 dis·

201 1753 205 1768 ·
312 1720 440 1811 tincta,
455 1720 525 1794 hoc
543 1731 610 1810 est,
624 1732 667 1794 ut
681 1744 808 1794 omnes
822 1720 928 1811 radii,
944 1720 1008 1817 qui
1025 1721 1070 1794 ab
1088 1719 1118 1792 Ε
1133 1717 1299 1794 incidunt
1314 1717 1346 1790 in

314 1831 512 1930 dioptrum,
538 1832 716 1908 accedant
743 1833 831 1909 satis
856 1857 970 1932 prope
994 1833 1042 1908 ad
1067 1855 1170 1908 axem
1193 1831 1348 1930 opticum

314 1945 616 2042 FCproductum
629 1946 667 2020 in
685 1946 765 2044 ipsa
778 1947 907 2022 retinae
921 1944 1134 2045 superficie;
1152 1956 1243 2019 tunc
1256 1955 1348 2020 moto

315 2059 460 2156 objecto
476 2059 535 2134 vel
553 2059 698 2158 dioptro
716 2061 754 2134 iu
772 2060 892 2137 elium·
905 2061 1039 2152 locum,
1057 2059 1109 2134 ita
1125 2068 1169 2133 ut
1185 2055 1350 2132 distantia

317 2195 397 2268 quae
415 2182 471 2246 est
493 2171 589 2246 inter
613 2172 798 2270 objectum
822 2184 861 2248 et
884 2172 1071 2269 dioptrum
1091 2181 1267 2262 mutetur,
1286 2169 1350 2244 dis·
1416 2229 1417 2278 q

316 2284 434 2360 tantia
446 2293 569 2359 autem
581 2283 678 2361 inter
689 2284 876 2383 dioptrum
887 2297 925 2360 et
935 2286 1083 2362 oculum
1093 2308 1168 2360 noa
1179 2293 1350 2378 mutetur;

317 2396 376 2472 vel
393 2396 423 2472 si
436 2396 517 2472 haec
531 2409 706 2491 mutetur,
717 2398 780 2474 illa
793 2423 868 2475 noa
882 2409 1055 2490 mutetur,
1074 2398 1145 2474 erit
1156 2397 1259 2472 facta
1270 2395 1351 2472 visio
1416 2391 1417 2402 ’

318 2509 480 2586 confusa.
508 2508 676 2587 incident
689 2512 786 2586 enim
796 2511 904 2587 liuere
916 2511 1073 2588 visuales
1087 2512 1125 2586 in
1138 2511 1212 2586 alia
1222 2519 1352 2610 puncta

317 2624 458 2712 retinas,
476 2647 558 2722 quae
574 2623 683 2698 nimis
700 2623 810 2722 longe
828 2625 874 2700 ab
888 2649 956 2700 axe
971 2624 1095 2724 optico
1109 2624 1210 2699 ultra
1224 2625 1351 2699 citrave

318 2737 476 2814 retinam
496 2737 695 2824 secabunt;
725 2739 829 2830 citra,
848 2738 878 2812 si
896 2740 1081 2837 objectum
1099 2737 1351 2820 admoveatur;

316 2851 426 2942 ultra,
445 2850 476 2926 ai
493 2860 736 2926 removeatur.
789 2851 917 2949 Itaque
935 2861 1080 2926 servate
1097 2851 1274 2927 distantia
1290 2849 1351 2938 Cl,

319 2989 402 3062 quoe
419 2975 475 3040 est
492 2964 587 3040 iuter
604 2965 752 3040 oculum
769 2975 807 3039 et
824 2964 1023 3063 dioptrum,
1038 2965 1069 3040 si
1082 2965 1270 3063 objectum
1286 2963 1351 3040 ΕΙ)

319 3086 551 3153 removeatur
580 3101 603 3152 a
631 3077 777 3176 dioptro
806 3078 962 3176 longius,
993 3103 1069 3154 non
1097 3078 1222 3170 modo,
1252 3091 1294 3154 ut
1320 3077 1352 3150 in

320 3190 459 3267 visione
483 3190 632 3283 directa,
659 3192 850 3289 apparebit
874 3193 994 3266 miuus
1020 3202 1059 3268 et
1083 3191 1271 3284 remotius,
1296 3187 1353 3264 sed

322 3304 434 3378 etiarn
463 3303 579 3402 magis
608 3305 796 3404 magisque
827 3306 1031 3398 confusum,
1063 3304 1193 3381 eodem
1224 3304 1352 3380 scilicet
1417 3363 1418 3376 ,

320 3429 460 3516 puncto
476 3417 554 3492 viso
571 3417 609 3492 in
625 3419 791 3517 pluribus
808 3420 915 3494 simul
931 3420 1037 3495 lineis
1050 3418 1261 3494 visualibus.

373 3530 525 3621 Rursus,
543 3531 573 3606 si
591 3531 777 3628 dioptrum
794 3533 839 3608 ab
853 3533 960 3608 oculo
979 3544 1222 3624 removeatur,
1241 3531 1353 3629 objec-

322 3653 403 3717 tum
415 3655 539 3718 autem
550 3669 615 3720 suo
629 3644 710 3720 loco
724 3656 881 3736 maneat,
896 3646 1076 3744 contingit
1088 3645 1210 3721 radios
1221 3645 1352 3742 aliquos

322 3756 564 3856 procedentes
581 3757 627 3832 ab
645 3781 718 3831 uno
735 3771 886 3854 puncto,
907 3769 950 3833 ut
971 3761 1014 3849 E,
1033 3758 1194 3834 incidere
1212 3758 1250 3832 in
1274 3753 1353 3832 reti·

324 3895 409 3944 uarn
427 3870 474 3945 ad
492 3870 619 3946 eadem
636 3882 785 3968 puncta,
804 3871 850 3946 ad
869 3897 951 3970 quae
977 3872 1145 3947 incidunt
1161 3871 1253 3947 radii
1270 3891 1351 3967 quo-

324 4007 395 4081 que
412 3985 524 4082 aliqui
542 3985 588 4058 ab
609 3983 681 4058 alio
697 3998 848 4081 puncto,
865 3994 909 4060 ut
925 4011 947 4062 a
965 3987 1009 4060 D.
1045 3986 1175 4084 Itaque
1193 3987 1254 4060 fiet
1269 3979 1352 4058 visio

323 4121 447 4172 rursus
464 4097 626 4189 confusa,
640 4097 812 4174 nimirum
830 4099 972 4176 duobus
988 4099 1201 4200 pluribusve
1217 4092 1353 4199 punctis

323 4211 408 4286 visis
426 4212 464 4288 in
481 4210 608 4286 visuali
626 4212 764 4287 eadem.
