2904 4912
295 248 368 314 360
721 262 908 315 nummo.

99 459 198 511 sncr,
212 460 265 511 111,
292 427 425 518 fuerat,
443 451 520 503 non
535 437 661 504 tamen
678 429 713 502 ei
738 430 992 519 credidissent,
1010 430 1142 504 saltem
1159 455 1238 504 non
1263 454 1343 504 cre-

109 537 253 642 ᾧ
295 539 457 614 dendum
479 543 621 631 cranei
646 541 696 616 ad
718 542 831 616 alium
857 543 999 616 cultum
1025 567 1086 628 eos
1110 568 1156 616 ex
1168 541 1342 642 'AEgypto

81 676 221 728 urrann
294 667 493 740 evocasset,
512 680 622 753 quam
647 656 697 730 ad
721 656 863 731 cultum
889 657 958 730 Dei
978 656 1194 745 Abrahami,
1212 658 1341 748 Isaaci,

80 742 249 850 iissiiiiiffl'
293 780 331 843 et
360 769 491 843 Jacobi
518 780 666 867 patrum
700 794 862 844 suorum.
914 770 1057 844 Fuisset
1086 770 1186 844 enim
1213 781 1344 844 contra

79 871 230 916 *⁰¹me
285 891 445 983 pactum
472 883 611 956 abillis
640 907 725 956 cum
752 884 832 957 Deo
855 883 1002 956 initum.
1056 883 1234 957 Similiter
1260 883 1343 958 duae

293 1019 352 1068 res
370 1007 468 1085 sunt,
485 996 659 1070 nimirum
668 996 872 1094 predictio
882 995 1107 1093 fntnrornm
1117 1007 1342 1094 supernata

293 1109 519 1205 ralis-,quod
536 1121 593 1183 est
608 1110 738 1207 ingens
756 1110 985 1200 miraculum,
1001 1110 1151 1204 etfidee
1169 1109 1209 1182 in
1222 1109 1343 1182 Deum

294 1221 506 1296 Abrahami
534 1223 777 1298 liberatorem
807 1247 933 1296 eornm
961 1249 1008 1296 ea
1036 1223 1228 1321 AEgppto,
1253 1248 1344 1320 quas

294 1336 393 1409 Deus
411 1337 581 1410 omnibus
598 1337 737 1412 Judaeis
753 1362 822 1435 pro
847 1337 946 1410 notis
963 1337 1041 1410 veri
1058 1337 1253 1432 prophetae
1278 1336 1343 1410 ha-

293 1450 433 1524 bendas
458 1451 663 1548 proposuit.
716 1452 786 1525 Cui
810 1452 989 1525 alterutra
1015 1451 1149 1524 harum
1172 1450 1289 1541 deest,
1312 1451 1344 1524 is

293 1564 475 1661 propheta
491 1587 598 1637 verus
615 1588 690 1637 non
714 1575 782 1648 cst,
800 1589 868 1638 nec
893 1588 961 1661 pro
978 1565 1092 1637 verbo
1110 1564 1181 1637 Dei
1203 1565 1342 1637 haben-

276 1677 383 1750 ·dum
412 1689 468 1751 est
496 1677 597 1774 quod
621 1702 690 1774 pro
719 1678 785 1752 tali
815 1678 996 1752 obtendit.
1050 1676 1090 1750 Si
1117 1677 1213 1751 desit
1239 1678 1341 1768 fides,

294 1792 515 1887 reprobatur
548 1791 606 1864 his
640 1792 763 1865 verbis
794 1793 919 1884 (Dent.
947 1792 1024 1865 xiii.
1061 1802 1090 1882 l,
1111 1802 1146 1878 2,
1166 1802 1202 1881 3,
1225 1802 1264 1882 4,
1279 1793 1342 1888 5);

295 1904 338 1976 Si
354 1905 568 1978 rarrecerit
586 1905 624 1977 in
641 1905 763 1978 medio
788 1906 843 1979 tni
854 1905 1061 2004 propheta,
1081 1914 1148 1977 ent
1165 1905 1233 2002 qni
1250 1929 1342 1977 som

294 2018 393 2092 nium
409 2018 550 2090 cidisse
567 2042 608 2090 se
626 2018 743 2108 dicat,
762 2029 800 2091 et
810 2017 1043 2117 predixerit
1062 2018 1213 2116 signnm
1231 2029 1344 2116 atque

287 2140 517 2227 portentum,
542 2140 580 2203 et
605 2131 771 2203 evenerit
796 2131 899 2227 qnod
919 2130 1186 2227 loqnntnsest,
1205 2140 1246 2202 et
1264 2129 1346 2202 din·

294 2244 371 2316 erit
397 2243 490 2316 tibi:
517 2267 654 2332 eumne,
673 2254 712 2317 et
736 2268 936 2342 sequamur
960 2243 1064 2315 Deos
1085 2243 1245 2327 elienor,
1275 2253 1345 2316 etc.

293 2355 490 2453 Propheta
513 2356 580 2429 ille
606 2366 673 2429 ant
687 2358 810 2451 fictor
835 2356 1057 2429 somniorum
1080 2354 1343 2450 interficietur.

295 2469 334 2542 Si
360 2468 552 2566 praedictio
578 2481 777 2543 eventuum
803 2469 909 2558 desit,
940 2469 1108 2566 rejicitur
1139 2469 1198 2542 his
1222 2469 1346 2543 verbis

297 2583 423 2677 (Deut.
457 2583 557 2656 xviii.
594 2593 656 2673 21,
691 2583 786 2679 22):
834 2582 1003 2668 Quodsi
1039 2582 1160 2655 tacita
1194 2584 1345 2681 cogitn-

295 2696 394 2770 tione
427 2697 683 2795 reeponderis,
715 2697 894 2795 quomodo
921 2720 1077 2794 perenm
1111 2696 1344 2795 intelligere,

293 2810 397 2906 qnod
431 2809 580 2883 verbnm
619 2809 800 2883 Dominus
830 2835 902 2882 non
935 2819 994 2883 est
1024 2809 1237 2907 loquetae?
1278 2811 1347 2884 ltoc

293 2923 449 2996 habebis
462 2923 610 3022 signnm
623 2951 637 2996 .·
664 2924 768 3021 qnod
778 2923 970 2997 innomine
984 2922 1137 2996 Domini
1146 2925 1345 3022 propbeta

293 3035 361 3108 ille
371 3037 613 3134 predicerit,
631 3047 765 3110 ernon
791 3037 968 3126 evenerit,
987 3036 1055 3109 boe
1072 3036 1257 3109 Dominus
1275 3063 1345 3110 non

293 3159 352 3222 eet
366 3150 551 3247 loquutus,
569 3151 641 3226 sed
655 3175 732 3249 per
750 3161 927 3224 tamarem
948 3149 1062 3222 animi
1078 3150 1138 3222 eni
1148 3151 1344 3248 propbeta

294 3264 483 3356 eonfinmt.
535 3265 619 3338 Jam
636 3265 737 3361 quod
759 3263 909 3338 verbnm
931 3262 1008 3336 Dei
1025 3263 1073 3336 sit
1091 3262 1141 3353 id,
1160 3264 1264 3359 quod
1279 3287 1346 3360 per

293 3400 422 3448 verum
439 3377 659 3472 prophetam
675 3403 743 3474 pro
770 3377 836 3450 tali
856 3377 1088 3464 enunciatur,
1106 3386 1146 3447 et
1164 3377 1267 3471 quod
1283 3401 1343 3452 ve·

293 3513 357 3562 rus
381 3490 563 3587 propheta
588 3492 687 3588 apud
712 3491 862 3564 Judaeos
877 3490 1002 3578 fuerit,
1029 3491 1133 3585 cujus
1149 3489 1243 3563 fides
1260 3514 1348 3563 vera

295 3613 386 3693 erat,
402 3615 440 3676 et
454 3605 558 3699 eujus
567 3605 870 3701 praedictionibus
888 3614 1040 3676 eventus
1058 3603 1344 3700 respondebant,

296 3726 400 3790 extra
425 3718 714 3791 controversiam
741 3729 807 3790 est.
862 3716 934 3790 Sed
954 3716 1043 3813 quid
1060 3717 1107 3788 sit
1125 3718 1232 3813 sequi
1249 3717 1347 3790 Deos

294 3830 446 3920 alienos,
472 3843 509 3904 et
529 3844 656 3903 utrum
680 3844 846 3919 crentur,
878 3829 940 3926 qui
965 3829 1267 3925 praedictionibus
1289 3853 1346 3902 re-

294 3944 474 4038 spondere
501 3945 743 4033 affirmantur,
758 3944 810 4016 eis
829 3966 915 4016 vere
941 3941 1191 4039 respondeant
1212 3967 1341 4029 necne,

293 4057 426 4129 multas
445 4057 711 4131 controversias
727 4056 806 4152 pati
819 4066 955 4152 potest,
969 4055 1177 4151 praesertim
1189 4055 1230 4128 in
1249 4079 1342 4152 prae-

294 4169 515 4242 dictionibus
528 4194 610 4265 quae
625 4170 780 4244 obscure
794 4179 904 4264 atque
919 4168 1150 4266 aenigmatice
1169 4182 1341 4244 eventum
