2904 4912
306 297 378 365 402
443 339 446 346 ι
730 313 916 365 numero.
953 257 957 262 ἱ

113 514 208 564 secr,
224 514 276 563 111,
307 503 363 552 me
372 489 501 577 pater,
511 481 632 576 inquit
646 481 813 554 Christus
830 481 928 577 (Job.
940 505 1000 554 xx.
1013 481 1094 576 21),
1105 491 1143 555 et
1156 506 1229 579 ego
1243 480 1346 553 mitto
1439 465 1440 472 ἵ

122 591 266 696 L
307 617 398 666 oos:
425 594 685 690 subjungitque
714 594 823 690 (vere.
842 596 922 689 23),
940 619 1096 692 quoram
1123 594 1348 668 remiseritis

96 729 280 806 romaeque
300 717 478 804 peccota,
504 707 757 797 remittentur,
784 718 822 780 et
845 707 1275 804 quormmretinmeritie,
1292 731 1348 779 re-

94 799 281 912 ?,issffiffi
307 829 412 891 teate
437 829 534 892 seat.
588 818 661 892 Sed
685 819 774 915 quid
799 821 846 892 sit
870 819 1016 893 solvere
1043 832 1081 893 et
1109 819 1251 919 ligere,
1277 820 1348 893 sive

95 937 141 967 '¹⁰¹²
157 925 280 982 Poeffioenfi·
299 943 466 1031 peecata
482 933 674 1006 remittere
692 946 730 1007 et
746 934 924 1024 retinere,
943 933 1210 1007 dubitationem
1227 934 1348 1006 habet.

96 1002 136 1032 um
155 990 270 1042 retinendi,

97 1054 285 1110 mmmmm
307 1046 470 1120 Primum
483 1047 593 1135 enim,
600 1056 768 1144 peccata
783 1048 860 1142 ejus
873 1046 1051 1138 retinere,
1067 1048 1129 1143 qui
1141 1046 1349 1142 baptizatus

96 1122 165 1162 tores:
190 1119 229 1162 sed
244 1119 272 1162 de

97 1183 227 1258 pausasse
236 1184 272 1241 ju.
307 1161 347 1233 in
359 1160 610 1232 remissionem
621 1169 860 1256 peccatorum
872 1183 958 1232 vere
970 1161 1155 1256 poenitens
1169 1171 1238 1250 est,
1253 1160 1351 1233 vide-

97 1248 194 1356 iffi?
204 1249 275 1292 Μ
308 1284 370 1347 tur
388 1286 518 1347 contra
541 1273 661 1369 ipsum
685 1285 836 1369 pactum
861 1273 959 1346 Novi
976 1274 1215 1363 Testamenti,
1235 1297 1350 1369 neque

309 1397 405 1482 ergo
426 1412 449 1459 a
477 1386 625 1459 Christo
658 1387 751 1476 fieri,
780 1386 918 1458 nedum
947 1411 970 1458 a
995 1387 1203 1482 pastoribus
1235 1411 1350 1484 posse.

308 1501 515 1573 Remittere
525 1509 649 1572 autem
664 1524 741 1572 non
757 1499 953 1595 poenitenti
965 1499 1112 1573 ridetur
1129 1524 1210 1572 esse
1226 1510 1352 1574 contra

308 1614 538 1687 voluntatem
563 1613 633 1686 Dei
658 1613 787 1702 Patria,
805 1637 828 1685 a
845 1638 918 1709 quo
937 1613 1103 1687 Christus
1131 1614 1181 1686 ad
1201 1637 1352 1687 conver-

299 1727 463 1800 ·tendum
479 1726 670 1816 mundum,
695 1726 936 1821 hominesque
955 1726 1004 1798 ad
1029 1727 1283 1800 obedientiam
1299 1752 1352 1800 re-

309 1839 520 1913 ducendum
532 1840 663 1912 missus
677 1850 745 1911 est.
783 1838 926 1911 Deinde
937 1839 968 1910 si
977 1840 1190 1934 pastoribus
1201 1841 1353 1937 singulis

309 1978 353 2027 eo
370 1955 479 2027 modo
496 1954 689 2026 remittere
711 1963 749 2025 et
774 1953 941 2024 retinere
950 1963 1118 2049 peccate
1136 1978 1354 2027 concessum

310 2079 416 2156 esset,
448 2067 567 2139 omnis
601 2077 722 2138 metus
755 2065 964 2161 principum
999 2076 1036 2138 et
1069 2067 1354 2162 magistratuum

309 2179 483 2269 civilium,
496 2202 643 2274 unaque
660 2202 770 2251 omne
783 2177 947 2273 regimen
965 2179 1071 2251 cirile
1087 2178 1354 2252 destrueretur.

310 2293 461 2365 Dictum
474 2293 572 2364 enim
583 2301 640 2364 est
652 2317 675 2364 a
688 2292 836 2364 Christo
858 2292 1138 2387 (Maraxes),
1148 2293 1226 2366 imo
1246 2293 1355 2366 etiam

309 2415 442 2479 natura
471 2405 551 2501 ipsa
575 2405 712 2478 dictat:
749 2403 882 2476 Nolite
908 2405 1039 2477 timere
1065 2431 1141 2495 eos,
1169 2406 1238 2503 qui
1259 2405 1355 2478 oeci-

309 2519 403 2591 dmrt
419 2543 569 2617 corpus,
584 2518 744 2591 amimam
761 2527 884 2589 autem
897 2543 969 2590 nom
976 2529 1141 2616 possent
1153 2519 1356 2602 occidere;

308 2631 380 2705 sed
395 2632 529 2730 potius
555 2631 680 2702 timete
706 2654 797 2720 eum,
824 2631 889 2726 qui
909 2640 1041 2728 potest
1066 2641 1104 2704 et
1129 2632 1296 2705 amimam
1320 2641 1357 2705 et

309 2770 447 2843 corpus
464 2743 634 2842 perdere
662 2742 701 2815 ire
734 2742 957 2816 Geheanem.
1010 2745 1141 2840 Neque
1171 2755 1230 2818 est
1260 2746 1358 2842 quis-

309 2883 420 2955 quam
444 2859 497 2931 ita
522 2865 645 2930 mente
671 2867 813 2951 captus,
830 2867 874 2928 ut
897 2880 974 2929 non
998 2858 1120 2954 potius
1145 2859 1278 2932 mallet
1301 2859 1357 2948 iis,

308 2973 372 3067 qui
393 2981 558 3070 peccata
585 2969 778 3042 remittere
805 2977 842 3040 et
867 2969 1034 3042 retinere
1057 2983 1226 3066 possunt,
1245 2995 1358 3068 quam

307 3087 456 3182 regibus
472 3083 736 3182 potentissimis
760 3083 1026 3179 obtemperare.
1078 3083 1212 3180 Neque
1230 3096 1358 3157 tamen

307 3224 355 3272 ex
387 3200 504 3273 altera
539 3209 646 3294 parte
679 3196 964 3270 existimandum
995 3208 1064 3286 est,
1098 3197 1358 3270 remissionem

300 3323 547 3411 peccatoram
563 3312 655 3384 nihil
671 3310 774 3383 aliud
790 3333 868 3382 esse
890 3321 1027 3406 praeter
1044 3311 1321 3407 exemptionem
1338 3334 1359 3382 a

307 3427 427 3523 poenis
440 3426 706 3499 ecclesiasticis,
750 3424 853 3499 Quid
866 3425 965 3496 enim
981 3426 1068 3497 mali
1080 3425 1196 3497 babet
1210 3447 1359 3497 excom·

307 3540 509 3613 municatio
522 3549 659 3635 praeter
670 3546 958 3633 consequentem
971 3561 1016 3609 ex
1030 3562 1075 3611 ea
1084 3561 1238 3633 poenam
1250 3548 1359 3610 aeter-

308 3678 418 3734 nam;
443 3651 502 3725 vel
523 3652 624 3739 boni,
650 3652 690 3723 in
715 3648 909 3722 ecclesiam
933 3649 1060 3746 recipi,
1086 3650 1118 3722 si
1143 3663 1254 3723 extm
1276 3673 1359 3722 eam

309 3778 406 3841 esset
421 3765 542 3839 salus?
580 3763 797 3838 Tenendum
809 3763 924 3858 igitur
941 3773 1007 3852 est,
1018 3773 1205 3860 pastores
1217 3762 1360 3836 tabere

302 3889 533 3978 potestatem
559 3887 725 3976 peccata
750 3901 838 3949 cere
863 3885 902 3948 et
926 3875 1097 3949 absolute
1124 3876 1360 3966 remittendi,

309 3993 375 4064 sed
381 3990 655 4089 poeniteatibus
660 4018 676 4073 ;
694 4001 732 4063 et
742 3989 944 4079 retinendi,
958 3989 1023 4062 sed
1034 3990 1359 4086 impoenitentium.

309 4105 408 4177 Dum
432 4115 556 4179 autem
579 4115 713 4202 putant
737 4105 916 4193 homines
933 4105 1114 4200 poenitere
1137 4103 1233 4176 nihil
1258 4099 1361 4176 aliud

310 4242 399 4307 esse,
415 4243 525 4314 quam
542 4231 585 4292 ut
600 4218 700 4293 facta
717 4243 784 4292 sua
801 4218 956 4313 quisque
973 4216 1207 4307 condemnet,
1220 4226 1360 4292 mutet-
