2896 4914
303 297 350 366 50
700 309 753 364 na
774 307 956 366 souma.

112 509 209 560 succ.
228 512 266 562 u.
353 489 387 553 3.
416 478 640 553 Ut'soiamus
658 481 781 554 aute'm
797 478 862 554 ubi
877 478 980 552 loeus
1003 475 1138 572 objecti
1162 497 1344 572 apparens

118 587 262 691 *L
300 603 391 668 tunc
407 604 477 682 est,
492 591 639 688 quando
654 592 819 668 incidens
837 616 860 665 a
876 599 1014 687 puncto
1026 589 1161 685 objecti
1174 588 1344 664 radiante
1434 629 1440 688 p

88 726 197 804 velvet,
207 705 809 805 ⁰u'ecrpperpendiculumoculiantc
822 715 923 780 secat
936 728 1047 801 quam
1056 702 1181 778 fiatad
1194 703 1344 776 oculum
1439 693 1440 774 Ϊ

86 794 292 902 lll'llltflial'
303 820 478 909 reflectio,
489 819 694 915 intelligere
708 829 854 916 oportet
863 818 946 894 loca
962 841 1040 892 esse
1055 815 1143 920 dum
1153 816 1343 911 ¹inquibus
1437 823 1440 908 ζ

90 921 281 1033 illilllttll·
304 934 336 1008 si
352 934 539 1032 objectum
566 933 728 1029 positum
755 932 813 1023 sit,
833 945 1010 1010 extrema*
1025 931 1104 1026 ejus
1120 943 1260 1027 puncta
1276 953 1344 1025 per

302 1047 537 1122 reflexionem
546 1047 598 1121 ibi
611 1048 840 1144 apparebunt
848 1046 913 1120 ubi
923 1055 1142 1142 apparerent
1154 1044 1344 1128 invisione

302 1161 454 1236 directa.
486 1161 592 1240 Alter
608 1161 710 1234 locus
725 1172 793 1252 est,
811 1159 874 1233 ubi
892 1170 1058 1234 extrema
1074 1157 1209 1253 objecti
1226 1181 1345 1254 punc-

302 1285 342 1347 ta
359 1275 502 1348 suntin
522 1276 603 1371 ipsa
625 1274 763 1371 speculi
781 1272 996 1369 superficie;
1022 1270 1128 1359 alter,
1141 1269 1206 1342 ubi
1218 1261 1345 1344 radius

302 1389 468 1462 incidens
496 1389 536 1462 in
563 1389 751 1485 speculum
778 1388 824 1462 ab
850 1412 925 1460 uno
956 1386 1091 1482 objecti
1118 1384 1278 1458 termino
1296 1385 1345 1458 ad

303 1503 450 1576 oculum
467 1503 669 1577 reflectitur
695 1527 761 1602 per
785 1503 953 1576 alterum.
1005 1498 1173 1596 Exempli
1197 1499 1343 1595 gratia:

303 1617 350 1692 sit
373 1618 563 1712 speculum
581 1617 646 1712 (fig
662 1620 700 1710 2)
716 1617 789 1693 AB
802 1616 843 1704 Ο,
858 1617 962 1710 cujus
975 1625 1144 1689 centrum
1161 1613 1207 1703 D,
1223 1615 1345 1710 sitque

214 1825 216 1830 Ι
274 1811 278 1818 ,
303 1731 430 1803 oculus
447 1730 654 1826 ubicunque
672 1729 710 1803 in
727 1730 769 1802 Ε.
821 1729 983 1802 Ponatur
1004 1728 1135 1824 primo,
1154 1727 1345 1823 objectum

303 1867 381 1916 esse
398 1842 485 1932 AC,
503 1843 607 1938 cujus
625 1841 772 1917 termini
788 1841 824 1914 A
841 1852 879 1915 et
897 1841 927 1914 C
950 1841 1090 1914 suntin
1111 1840 1192 1936 ipsa
1204 1843 1346 1937 speculi

299 1955 504 2052 superficie,
524 1956 777 2052 ducanturque
794 1956 875 2044 EA,
893 1955 977 2029 EC.
1029 1955 1271 2030 Manifestum
1288 1969 1346 2031 est

302 2069 418 2144 videri
434 2071 517 2144 Aet
527 2070 568 2156 C,
582 2071 657 2142 sive
668 2095 740 2170 vper
750 2069 985 2143 reflexionem
996 2068 1071 2142 sive
1083 2093 1150 2166 per
1163 2068 1346 2146 directam

302 2183 491 2273 visionem,
508 2185 576 2256 sub
596 2183 725 2260 eodem
742 2183 877 2280 angulo
889 2182 1030 2257 visorio
1048 2183 1176 2256 Ano.
1218 2183 1345 2259 Quare

302 2298 414 2372 etiam
431 2298 471 2374 in
487 2298 617 2374 iisdem
632 2299 722 2372 locis
739 2298 963 2373 videbuntur
980 2297 1014 2372 A
1041 2307 1078 2370 et
1096 2297 1137 2384 O,
1156 2297 1233 2370 sive
1250 2298 1346 2372 visio

303 2414 369 2485 fiat
383 2413 524 2486 directa
540 2419 615 2486 siva
632 2437 698 2508 per
715 2413 961 2486 reflexionem.
1015 2410 1197 2500 Secundo,
1212 2412 1262 2484 sit
1279 2413 1346 2485 ob-
1439 2431 1440 2478 r

298 2529 440 2624 jectum
465 2528 536 2602 FG
565 2528 617 2602 ita
640 2528 813 2624 positum,
830 2539 873 2601 ut
898 2524 1094 2600 incidentis
1111 2526 1347 2610 FHreflexa
1439 2513 1440 2518 ¹

303 2642 383 2714 HE
399 2653 563 2716 transeat
587 2667 655 2739 per
670 2652 850 2739 punctum
867 2641 921 2725 G;
948 2640 1050 2729 item,
1068 2638 1265 2712 incidentis
1284 2639 1344 2713 GI

302 2757 439 2830 reflexa
456 2757 515 2830 ΙΕ
532 2767 694 2831 transeat
718 2781 785 2853 per
809 2757 848 2832 F.
900 2755 945 2828 ln
970 2754 1042 2827 hoc
1072 2773 1217 2848 quoquc
1242 2777 1344 2842 casu,
1439 2849 1440 2858 ἵ

301 2882 440 2967 puncta
465 2871 596 2944 GatF
620 2895 687 2967 per
713 2870 891 2944 directam
915 2867 1094 2943 visionem
1118 2867 1346 2941 videbuntur
1439 2877 1440 2880 ’

302 2986 369 3058 sub
387 2985 522 3081 angulo
541 2985 609 3058 FE
622 2985 664 3075 G,
692 2996 770 3058 tam
794 2983 833 3057 in
852 2982 992 3058 directa
1018 3006 1129 3077 quam
1150 2981 1190 3054 in
1206 2982 1346 3058 reflexa

302 3097 455 3172 visione.
508 3099 644 3187 Quare,
658 3099 780 3173 animo
797 3107 939 3171 attento
957 3096 1005 3170 ad
1015 3097 1215 3194 objectum,
1233 3121 1347 3194 appa-

300 3220 387 3286 rent
403 3212 437 3284 G
453 3221 491 3285 ct
508 3212 548 3300 F,
563 3211 638 3302 sive
652 3233 718 3307 per
741 3212 977 3285 reflexionem
1003 3210 1079 3287 sive
1097 3209 1238 3284 directe
1255 3212 1345 3302 visa,

300 3324 343 3396 in
359 3324 447 3420 ipsis
464 3324 611 3421 punctis
629 3325 724 3399 G'et
741 3326 780 3399 F.
834 3324 993 3398 Quodsi
1011 3324 1165 3400 ducatm
1178 3349 1247 3420 per
1261 3349 1346 3400 cen-

303 3449 403 3510 trum
430 3438 464 3510 D
494 3448 596 3511 recta
625 3438 947 3534 quantulacunque
978 3437 1112 3524 KDL,
1137 3438 1344 3514 incidentes

305 3551 405 3641 KM,
432 3552 508 3625 LN
534 3552 722 3626 habebunt
741 3551 894 3640 reflexas
911 3551 1007 3640 EM,
1026 3551 1116 3637 ΕΝ,
1135 3574 1218 3646 quae
1245 3578 1344 3628 seca·

302 3667 396 3739 bunt
414 3668 500 3755 KL,
516 3667 683 3763 ideoque,
694 3666 725 3740 si
735 3666 957 3740 ducerentur
970 3665 1058 3754 ΒΚ,
1078 3665 1164 3754 BL,
1176 3679 1345 3742 secarent

303 3779 382 3852 illas
408 3780 505 3854 inter
522 3781 553 3852 B
571 3793 609 3855 et
626 3782 662 3854 K
677 3805 722 3854 ex
739 3801 813 3854 una
836 3789 953 3874 parte,
972 3789 1010 3852 et
1025 3778 1122 3852 inter
1139 3779 1169 3852 Β
1188 3783 1274 3856 etL
1296 3806 1344 3856 ex

304 3893 441 3966 altera:
468 3893 507 3967 id
535 3894 634 3990 quod
659 3891 864 3968 notandum
890 3892 977 3966 duxi
1000 3903 1152 3990 propter
1176 3897 1343 3994 proposi-

304 4006 442 4080 tionem
464 4017 520 4082 12.

355 4129 390 4196 4.
417 4120 540 4195 Posito
559 4120 666 4194 oculo
684 4119 738 4196 ita
762 4133 806 4194 ut
824 4132 992 4196 centrum
1017 4121 1156 4216 speculi
1172 4123 1222 4194 sit
1247 4124 1344 4202 iuter

303 4234 479 4332 ipsamet
496 4233 634 4332 speculi
650 4234 839 4325 verticem,
852 4245 891 4310 et
901 4235 947 4312 ab
965 4234 1071 4308 oculo
1087 4233 1136 4308 ad
1153 4237 1344 4332 speculum
