2876 4908
227 265 285 320 nn
304 263 445 319 anano
467 265 537 320 nnr
560 267 640 320 nnn
660 267 827 321 ntorum
848 267 1015 320 novum.
1072 252 1147 320 409

102 437 140 510 in
162 436 285 527 terris,
303 435 408 534 cnjus
422 437 527 534 jussu
540 437 737 512 convenire
757 449 795 511 et
807 435 1010 510 deliberare
1019 433 1148 532 possit.
1177 465 1275 518 unca,
1289 465 1341 516 m,

103 549 201 624 Nam
226 563 409 623 rectorem
428 571 507 623 esse
532 549 705 624 eeclesia>
733 547 971 640 universalia,
989 563 1149 646 etposse
1189 543 1334 649 „L

102 685 184 737 eam
201 685 420 754 convocare,
432 661 530 736 idem
548 675 616 754 est,
629 687 674 738 ae
686 677 867 738 reatorem
884 685 965 736 esse
977 675 1015 736 et
1031 661 1149 736 domi-

102 799 192 850 nnm
209 775 375 851 omnium
387 776 672 874 peruniversnm
690 777 816 851 orbem
833 775 1148 860 Christianorum

103 891 140 964 id
159 889 259 988 qnod
272 889 409 964 nemini
428 889 655 981 conceditur,
672 904 916 988 praeterquam
934 889 1001 964 soli
1019 889 1111 963 Deo.

153 1011 217 1088 27,
243 1003 444 1077 Ostensum
471 1017 528 1078 est
557 1027 669 1100 supra
694 1003 863 1090 (articulo
894 1011 954 1098 ts)
991 999 1324 1076 auctori-murae

103 1129 220 1189 tatem
233 1115 519 1215 interpretandi
535 1115 762 1216 Scripturas
774 1117 904 1190 Saeras
920 1139 996 1190 non
1013 1113 1152 1190 consis-
1161 1071 1363 1192 ”fs-‘enam

104 1243 185 1302 tere
198 1227 237 1301 in
253 1251 309 1319 eo,
323 1229 423 1325 quod
434 1227 615 1326 interpres
628 1229 746 1326 possit
758 1229 908 1326 impune
918 1229 1151 1318 sententiam,
1163 1201 1330 1311 {a'ssffl'm

105 1365 217 1439 qnam
230 1341 317 1416 inde
328 1341 440 1430 elicit,
458 1343 537 1416 aliis
547 1343 606 1417 vel
620 1343 758 1440 scripto
770 1343 827 1416 vel
844 1343 929 1416 viva
939 1365 1030 1416 voce
1040 1365 1154 1438 expo-

105 1477 194 1528 nere
205 1467 245 1529 et
258 1455 454 1552 explicare,
468 1457 532 1530 sed
549 1457 587 1530 in
605 1480 661 1547 eo,
673 1457 772 1552 qnod
790 1481 863 1529 non
875 1457 923 1530 sit
932 1455 1011 1529 aliis
1024 1469 1155 1528 eontra

105 1567 327 1642 sententiam
356 1569 435 1666 ejus
464 1569 623 1643 faciendi
651 1583 716 1643 aut
745 1568 901 1643 docendi
924 1569 1009 1665 jus;
1036 1566 1089 1640 ita
1110 1579 1154 1640 ut

105 1681 441 1781 interpretatio,de
452 1705 525 1778 qua
534 1681 792 1778 agimusidem
803 1681 851 1756 sit
860 1679 959 1778 quod
961 1688 1152 1779 potestas,

105 1795 141 1867 in
167 1793 340 1868 omnibus
368 1797 628 1870 controversiis
658 1819 726 1893 per
752 1796 976 1892 Scripturam
1003 1793 1152 1868 Sacram

105 1906 409 1998 determinandis,
428 1907 639 1983 deliniendi,
690 1909 801 1982 Nune
818 1905 1084 1982 ostendendum
1098 1919 1156 1980 est

106 2019 365 2094 auctoritatem
377 2021 476 2095 illam
487 2021 901 2120 pertinereadsingulas
912 2021 1156 2111 ecolesinaet

107 2133 318 2232 dependere
331 2137 378 2209 ab
391 2137 615 2210 auctoritate
629 2139 707 2234 ejus
716 2135 773 2210 vel
792 2159 919 2209 eorum
938 2135 999 2232 qui
1017 2135 1156 2208 liabent

107 2271 291 2322 summum
309 2247 517 2345 imperium,
530 2247 642 2323 modo
656 2249 731 2323 sint
744 2247 953 2322 Christiani.
1006 2247 1046 2321 Si
1058 2247 1157 2320 enim

108 2361 154 2435 ab
172 2361 395 2435 anctoritate
406 2362 503 2436 civili
522 2387 597 2437 non
618 2361 836 2460 dependeat,
851 2361 1058 2460 dependere
1075 2385 1157 2436 eam,

108 2485 260 2570 oportet
279 2474 338 2548 rel
366 2474 414 2548 ab
437 2475 590 2551 arbitrio
609 2476 836 2574 singulorum
865 2477 1010 2565 civium,
1027 2475 1085 2548 vel
1109 2475 1157 2548 ab

110 2587 335 2661 auctoritate
349 2599 513 2662 externa.
550 2589 610 2663 Ne
623 2612 710 2663 vero
722 2591 770 2663 ab
782 2589 937 2664 arbitrio
951 2588 1158 2684 dependeat

111 2699 353 2796 singulorum,
365 2701 574 2798 prohibent,
584 2701 774 2793 intenlio,
787 2713 1059 2798 consequutura
1070 2698 1158 2774 inde

112 2811 348 2887 incommoda
376 2827 414 2887 et
441 2815 611 2889 absurda.
665 2815 833 2891 Quorum
850 2814 1078 2912 praecipuum
1102 2827 1160 2889 est

111 2927 194 3017 hoe,
214 2925 314 3024 quod
340 2951 414 3001 non
432 2927 544 3003 modo
562 2929 680 3003 omnis
698 2929 904 3019 tolleretur,
921 2941 1052 3002 eontra
1066 2952 1161 3025 prae-

112 3053 261 3136 oeptnm
280 3039 428 3132 Christi,
446 3040 658 3117 obedientia
674 3041 803 3126 civilis,
821 3041 887 3115 sed
910 3041 1021 3115 etiarn
1040 3041 1160 3115 omnis

113 3151 270 3226 societas
300 3165 339 3226 et
368 3153 644 3250 perhumana,
675 3167 805 3228 eontra
833 3153 934 3250 leges
961 3155 1159 3245 naturales,

116 3263 389 3340 dissolveretur.
442 3265 535 3341 Cum
553 3267 650 3340 enim
670 3267 898 3364 Scripturam
920 3267 1071 3342 Sacram
1086 3269 1161 3342 sin·

116 3379 188 3475 guli
203 3379 494 3477 interpretentur
507 3379 588 3470 sibi,
601 3380 639 3454 id
654 3394 722 3472 est,
733 3381 985 3478 unusquisque
998 3381 1161 3479 judicem

118 3513 153 3564 se
176 3491 303 3583 faeiat,
328 3493 417 3590 quid
441 3493 521 3568 Deo
547 3493 702 3590 placeat,
730 3493 819 3591 quid
848 3493 1061 3592 displiceam
1086 3517 1160 3566 non

119 3617 199 3679 ante
211 3605 440 3703 principibus
451 3605 601 3681 obedire
611 3621 777 3704 possunt,
792 3632 902 3705 quam
914 3607 983 3704 ipsi
1002 3607 1048 3680 de
1058 3629 1161 3679 man·

120 3715 211 3792 datis
223 3741 364 3810 eorum,
377 3731 502 3792 utrum
515 3719 720 3796 conformia
733 3721 807 3794 sint
819 3721 1018 3817 Scripturas
1031 3741 1160 3810 neone,

118 3829 372 3924 judicaverint.
423 3832 547 3928 Atque
564 3831 618 3906 sio
631 3831 687 3906 vel
705 3855 780 3906 non
799 3831 987 3920 obediunt,
998 3831 1056 3905 vel
1074 3833 1161 3904 obe-

123 3942 221 4019 diunt
256 3957 409 4043 propter
437 3945 618 4042 judicium
653 3946 855 4043 proprium,
886 3945 957 4018 hoe
992 3957 1061 4035 est,
1092 3945 1161 4020 sibi

123 4055 306 4148 obediunt,
337 4081 412 4132 non
443 4056 596 4132 civitati,
647 4059 806 4133 Tollitur
834 4081 923 4154 ergo
952 4057 1164 4133 obedientia

125 4167 244 4246 ovilis.
272 4171 423 4262 Rursus,
435 4195 517 4246 eum
529 4171 779 4269 unusquisque
791 4172 977 4270 propriam
989 4185 1162 4270 sequatur
