2896 4914
296 285 341 348 56
683 303 737 355 DE
757 303 940 357 ΗΟΜΙΝΕ.

108 491 204 545 sncr.
216 494 254 548 11.
294 478 473 563 punctum
491 468 581 543 illud
598 467 696 544 idem
710 482 765 544 est
782 471 882 568 quod
897 471 938 544 in
950 471 1091 546 visione
1106 470 1258 561 directa,
1270 472 1334 546 sed

108 574 251 683 ᾧ
292 581 390 654 ultra
407 582 604 678 speculum.

344 696 388 768 In
415 696 553 770 visione
570 721 637 793 per
657 698 907 771 reflectionem
934 724 956 772 a
983 697 1132 796 speculo
1156 699 1334 795 sphaerice

295 833 470 899 convexo,
489 820 667 906 punctum
692 810 783 885 illud
807 822 862 886 est
887 812 925 885 in
945 811 1208 910 perpendiculo
1224 814 1334 902 oculi,

295 923 433 996 distans
459 924 634 999 avertice
646 924 788 1022 'speculi
811 937 991 1022 quantum
1016 938 1073 1000 est
1100 937 1231 1022 quarta
1247 951 1334 1023 pars

295 1036 474 1112 diametri.
527 1039 642 1112 Crura
660 1051 784 1112 autern
799 1040 876 1136 ejus
894 1040 1139 1114 terminantur
1151 1039 1189 1112 in
1206 1065 1335 1138 super-

292 1152 375 1228 ficie
411 1153 548 1248 speculi
582 1153 629 1227 ad
655 1178 699 1227 ea
731 1164 880 1251 puncta,
910 1154 949 1228 in
976 1179 1059 1251 quae
1092 1153 1262 1228 incidunt
1287 1158 1334 1230 ab

295 1267 430 1363 objecti
464 1267 629 1342 terminis
671 1267 753 1342 duae
788 1280 899 1342 rectae
935 1267 1196 1365 perpendiculo
1237 1270 1336 1344 oculi

290 1379 484 1478 paralleloe.

343 1494 386 1568 In
410 1495 549 1569 visione
576 1495 733 1593 deniqne
763 1521 830 1594 per
857 1496 1108 1572 reflectionem
1133 1521 1157 1569 a
1183 1498 1335 1593 speculo

292 1608 469 1706 sphaerice
487 1633 659 1698 concavo,
676 1618 855 1705 punctum
872 1608 963 1683 illud
979 1609 1079 1682 varie
1092 1609 1253 1705 ponitur.
1295 1610 1337 1683 Si

291 1724 417 1796 oculus
444 1723 493 1796 sit
509 1723 608 1796 inter
632 1723 807 1798 verticem
824 1734 861 1797 et
888 1733 1057 1796 centrum
1074 1722 1224 1819 speculi,
1242 1723 1337 1796 inci-

292 1836 420 1910 dentes
435 1849 558 1911 autem
572 1835 665 1910 radii
678 1861 754 1911 non
768 1848 894 1910 secent
908 1836 1005 1909 oculi
1016 1834 1335 1933 perpendicnlum,

289 1964 468 2047 punctum
482 1951 573 2024 illud
587 1949 657 2023 erit
674 1949 772 2022 idem
786 1949 886 2046 quod
902 1949 941 2023 in
952 1949 1092 2024 visione
1109 1974 1176 2046 per
1189 1950 1337 2024 reflect-

289 2064 411 2137 ionem
427 2089 448 2134 a
463 2063 610 2159 speculo
625 2087 788 2136 convexo
809 2061 893 2156 (art.
912 2072 943 2152 l,
956 2075 991 2152 2,
1010 2067 1058 2156 4),
1077 2062 1143 2136 sed
1159 2063 1241 2136 loca
1259 2075 1336 2138 ter·
1435 2159 1436 2164 Ἰ

289 2176 474 2249 minorum
488 2176 621 2270 objecti
636 2186 744 2248 erunt
760 2175 799 2248 in
811 2175 1033 2249 sectionibus
1043 2175 1236 2252 visualium
1248 2202 1336 2252 curn

291 2290 402 2364 rectis
421 2314 502 2386 quae
516 2291 737 2364 ducuntura
753 2289 900 2386 punctis
918 2290 1067 2385 speculi,
1085 2290 1125 2362 in
1144 2315 1227 2387 qnae
1243 2290 1338 2365 inci-

291 2404 384 2478 dunt
407 2415 520 2478 rectae
536 2429 559 2478 a
574 2416 713 2501 puncto
732 2402 996 2477 evanescentiae
1009 2414 1240 2478 transeuntes
1267 2430 1337 2502 per

291 2517 467 2592 terminos
485 2517 619 2615 objecti
635 2516 896 2616 perpendiculo
922 2518 1018 2591 oculi
1043 2517 1239 2613 parallelae.
1294 2520 1336 2593 Si

292 2642 460 2707 centrum
487 2632 624 2729 speculi
642 2632 690 2705 sit
714 2632 811 2705 inter
827 2630 1004 2704 verticem
1021 2633 1099 2728 ejus
1118 2641 1156 2704 et
1172 2632 1336 2725 oculum,

290 2747 476 2843 objectum
495 2770 580 2820 vero
598 2746 694 2820 infra
709 2746 845 2819 lineam
856 2744 1118 2844 perpendiculo
1136 2747 1232 2820 oculi
1249 2772 1336 2844 per·
1436 2791 1437 2800 1

289 2860 598 2958 pendicularem
589 2884 627 2933 m
652 2860 800 2956 speculo
828 2860 1061 2934 terminatam
1090 2871 1128 2933 et
1158 2871 1199 2932 ut
1201 2860 1335 2957 rinque

292 2975 467 3048 reflexam
494 2974 542 3048 ad
568 2973 921 3069 oculum,punctnm
942 2972 1121 3047 illuderit
1147 2973 1227 3070 ipse
1254 2999 1337 3073 spe-

289 3088 362 3162 culi
378 3101 515 3162 vertex.
567 3089 647 3162 Art.
666 3091 702 3177 7,
721 3095 757 3161 8.

342 3202 408 3276 Sin
440 3203 623 3297 objectum
649 3202 697 3274 sit
723 3224 834 3298 snpra
855 3199 955 3274 illam
980 3200 1126 3290 lineam,
1152 3213 1334 3298 punctum

291 3315 383 3390 illud
412 3228 528 3390 estin
556 3326 661 3413 parte
687 3313 826 3413 speculi
850 3313 1003 3404 diversa,
1022 3313 1070 3388 ad
1095 3314 1194 3410 quod
1220 3315 1335 3391 ducta

292 3441 395 3504 recta
411 3431 458 3504 ab
477 3429 583 3504 oculo
601 3429 802 3504 reflectitur
825 3451 892 3526 per
917 3427 1052 3502 lincam
1067 3428 1332 3524 perpendiculo

291 3543 386 3617 oculi
403 3543 626 3640 parallelam.
679 3543 759 3616 Art.
778 3551 814 3617 9.

77 3653 262 3762 1011111111..
341 3665 376 3732 8.
404 3658 530 3754 Imago
556 3656 691 3754 objecti
715 3658 794 3730 visa
821 3656 860 3730 in
887 3655 1034 3753 speculo
1061 3679 1236 3747 concavo,
1263 3658 1332 3732 etsi

102 3719 264 3776 01111110111101111

76 3784 243 3892 {ffi‘um
161 3862 227 3906 W
200 3847 250 3892 auu
244 3770 385 3844 e-citra
405 3772 580 3844 verticem
607 3769 744 3866 speculi
770 3780 943 3866 appareat
968 3767 1077 3842 modo
1104 3769 1197 3866 plus,
1218 3771 1331 3846 modo

76 3927 120 3956 „011
130 3918 242 3970 ,11111111
290 3882 421 3971 minus,
440 3893 768 3978 nunquamtamen
793 3880 841 3954 ad
863 3880 987 3954 locum
1013 3881 1122 3972 oculi,
1141 3881 1265 3975 idest,
1283 3883 1332 3960 ad

74 3992 155 4086 {1ss²⁰
116 4049 173 4088 mm,
158 3979 267 4088 Ἕω
290 4010 457 4070 centrum
475 3995 603 4070 retinae
620 3995 745 4068 venire
767 4006 900 4092 potest,
918 3995 1033 4068 multo
1051 3996 1184 4086 minuS,
1201 4010 1247 4071 111
1262 4024 1330 4095 pu-

289 4120 372 4188 tant
388 4109 584 4206 scriptores
601 4108 725 4206 optici‚
737 4133 760 4182 a
773 4120 878 4206 tergo
893 4108 1092 4205 spectantis
1106 4133 1184 4183 esse
1195 4123 1328 4206 potest.

341 4223 397 4300 Sit
423 4223 521 4297 enim
546 4221 735 4323 speculum
756 4222 832 4320 (fig.
852 4224 891 4318 6)
917 4223 1047 4313 ABG,
1066 4235 1235 4298 centrum
1252 4227 1330 4322 ejus

1424 236 1431 459 l

1426 492 1431 655 l
