2896 4914
234 321 289 376 nn
310 319 479 376 onrncrr
498 321 603 375 noco
623 319 879 393 sarnanum,
898 321 985 378 nro.
1097 311 1137 382 at

165 488 301 566 Coroll.
320 513 348 565 1.
374 490 491 566 Locus
515 491 648 589 objecti
670 515 776 566 verus
796 501 834 566 et
855 513 1031 590 apparens
1055 513 1144 566 eun-
1181 527 1276 580 spem,
1290 527 1327 580 ῃ,

116 603 200 678 dem
228 603 417 680 subtendit
447 604 645 702 angulum
671 629 757 680 nam
786 604 883 680 idem
906 616 962 682 est
991 607 1144 704 angulus
1183 605 1324 716 ,ξω

113 720 233 796 ΑΕΒ
252 732 291 794 et
308 719 428 794 FEG.

164 833 299 908 Coroll.
320 856 365 909 11.
393 831 496 908 Idem
524 835 708 932 objectum
725 835 755 909 si
772 834 819 910 sit
844 834 1030 925 remotius,
1054 834 1142 910 ima-

111 971 160 1045 go
186 949 265 1046 ejus
291 947 474 1023 videbitur
507 949 622 1046 magis
649 949 741 1022 citra
769 948 963 1045 objectum,
991 947 1077 1047 quia
1104 949 1143 1024 in

111 1063 252 1160 majore
270 1061 444 1136 distantia
469 1061 545 1159 agit
562 1061 725 1152 debilius,
751 1071 788 1137 et
812 1073 1006 1159 propterea
1020 1073 1142 1160 partes

111 1177 188 1273 ejus
213 1175 285 1249 nisi
310 1175 475 1272 longiore
492 1198 688 1273 progressu
712 1173 761 1248 nd
785 1174 989 1251 faciendam
1005 1177 1141 1252 sensio-

110 1314 195 1365 nem
220 1314 295 1364 non
322 1289 516 1366 sufficiunt.
566 1291 614 1364 Et
645 1288 799 1387 proinde
827 1289 935 1364 etiam
969 1289 1143 1367 distantia

109 1403 208 1478 inter
235 1404 421 1501 objectum
454 1403 685 1500 quantumvis
718 1414 957 1502 magnumst
996 1405 1141 1480 oculum

108 1528 214 1592 tanta
231 1517 311 1592 dari
327 1529 458 1615 potest,
476 1527 518 1592 ut
534 1517 634 1592 nulla
650 1517 727 1614 ejus
757 1518 905 1593 omnino
929 1519 995 1592 fiat
1010 1519 1140 1595 sensio.

107 1632 309 1729 Objectum
325 1632 423 1707 idem
441 1655 512 1730 quo
535 1632 651 1728 magis
668 1633 714 1706 ab
740 1632 846 1708 oculo
864 1631 986 1722 distat,
1003 1657 1047 1708 eo
1074 1635 1140 1708 sub

105 1746 250 1821 minore
266 1745 413 1822 videtur
429 1747 561 1844 angulo
585 1747 730 1822 visorio.
782 1747 865 1822 Hoo
888 1755 1010 1821 autem
1025 1746 1140 1821 mani-

104 1859 237 1934 festius
255 1869 311 1934 est
328 1884 439 1957 quam
447 1872 490 1935 ut
503 1871 609 1958 egeat
626 1858 947 1935 demonstratione.
998 1859 1054 1934 Ex
1067 1883 1139 1957 quo

104 1973 264 2070 intelligi
292 1973 403 2048 etiam
430 1974 500 2048 hoo
526 1985 659 2073 potest,
677 1973 775 2072 quod
794 1973 832 2048 in
855 1973 1056 2049 remotione
1073 1975 1139 2048 ob-

100 2088 192 2184 jecti
219 2089 266 2163 ab
301 2089 407 2162 oculo
439 2099 616 2187 perpetua
648 2089 879 2187 pervenietur
911 2087 1059 2164 tandem
1090 2087 1139 2164 ad

102 2203 240 2293 locum,
258 2202 356 2278 unde
368 2203 474 2278 lineae
485 2211 595 2278 rectae
612 2202 658 2277 ab
675 2201 809 2299 objecti
825 2202 996 2276 extremis
1013 2202 1138 2276 termi-

103 2316 160 2390 nis
178 2316 227 2390 ad
245 2327 413 2390 centrum
438 2315 566 2392 retinas
583 2315 703 2390 duotae
728 2315 902 2412 angulum
927 2315 1067 2392 faciunt
1083 2315 1138 2390 in-

104 2430 325 2520 sensibilem,
337 2441 374 2504 et
390 2429 543 2560 proinde
559 2427 744 2528 objectum
761 2441 964 2528 appareret,
975 2429 1137 2506 coeunti·-

102 2543 170 2618 bus
184 2543 352 2619 terminis
365 2543 544 2640 imaginis,
561 2552 736 2640 tanquam
752 2555 939 2642 punctum.

151 2667 187 2732 4.
217 2654 556 2732 uuod·s1daretur
583 2655 755 2732 distantia
782 2657 917 2755 objecti
939 2679 1036 2754 veru,
1062 2678 1317 2746 onan-maa

103 2795 188 2846 cum
206 2769 382 2844 distantia
403 2768 502 2844 illa
491 2793 531 2844 ιιι
554 2791 626 2867 qua
650 2769 772 2870 imago
789 2773 866 2869 ejus
891 2769 1074 2846 evanescit
1095 2770 1134 2844 in
1146 2749 1328 2872 mffffl

100 2893 282 2982 punctam
294 2883 379 2957 vel
368 2907 408 2956 m
422 2882 712 2981 magnitudinem
728 2883 861 2976 datam,
880 2883 1027 2960 duretur
1043 2907 1206 2990 quo-,m
1146 2879 1252 2934 ml·
1262 2881 1327 2927 ‘¹⁸¹¹

103 3022 174 3096 que
200 2997 305 3072 loeus
333 3020 511 3095 apparens
529 2996 690 3094 ejusdem
712 2997 884 3096 objecti'
874 3023 913 3072 m
939 2997 1038 3073 omni
1064 2947 1329 3124 aliam&

102 3110 278 3186 distantia
301 3111 346 3184 ab
364 3109 481 3201 ooulo,
499 3133 573 3184 non
587 3112 726 3209 majore
750 3134 859 3210 quam
875 3110 1077 3209 illamqua
1092 3121 1134 3187 ut
1183 3087 1198 3136 q

101 3234 282 3326 punctum
298 3223 495 3298 videretur.

151 3339 209 3415 Sit
230 3338 284 3435 (in
296 3340 358 3436 fig.
373 3341 410 3434 2)
427 3336 552 3413 oculus
569 3339 608 3412 in
624 3337 669 3412 Α.
721 3337 914 3436 Obiectum
932 3339 1007 3414 sive
1026 3361 1133 3414 verus

102 3456 178 3553 ejus
201 3452 304 3527 locus
322 3453 406 3542 BC,
425 3451 483 3526 oui
509 3475 575 3550 per
592 3463 758 3526 centrum
781 3453 909 3528 retinas
928 3453 963 3526 A
979 3452 1134 3528 ducatur

102 3565 252 3664 aequalis
280 3577 318 3641 et
347 3565 521 3663 parallelo
550 3565 636 3641 DE.
704 3565 821 3642 Iocus
848 3577 970 3642 autem
999 3565 1133 3665 objecti

103 3703 281 3779 apparens
299 3681 345 3755 sit
370 3679 451 3754 PG.
502 3680 630 3756 Duotis
657 3689 779 3755 autem
805 3679 911 3755 lineis
936 3681 1131 3756 visualibus

101 3794 188 3887 AB,
206 3794 242 3867 Α
253 3794 293 3885 C,
320 3792 516 3868 subtendet
532 3793 604 3868 FG
620 3793 795 3891 angulum
810 3793 985 3870 visualem
1001 3792 1129 3868 BAC.

104 3907 355 4014 supponamus
383 3909 458 4004 jam
483 3908 667 4004 objectum
684 3906 751 3982 Bo
767 3905 952 3984 admoveri
978 3908 1027 3982 ad
1043 3929 1130 3982 oau-

101 4019 176 4095 lum
202 4033 240 4096 et
266 4021 435 4095 collocari
452 4020 490 4094 in
520 4021 557 4095 H
572 4021 601 4111 Ι,
623 4031 861 4122 oporteatque
890 4021 1129 4096 determinare

101 4134 222 4210 locum
238 4136 316 4233 ejus
336 4145 581 4233 apparentem.
631 4135 666 4208 A
681 4135 825 4236 punctis
843 4135 876 4210 D
894 4147 930 4210 et
946 4136 976 4211 E
994 4133 1128 4212 ducan-

101 4257 163 4322 tur
178 4249 261 4340 DF,
278 4248 351 4325 EG
368 4260 490 4341 rectoe,
508 4273 601 4350 quae,
619 4247 704 4347 quia
721 4249 791 4325 FG
812 4249 930 4325 minor
948 4259 1003 4326 est
1019 4273 1129 4349 quam
